4406 5288
2783 396 2814 417 q

1880 370 2749 509 ''--ss-60---c

955 661 1196 744 potest
1262 639 1712 713 adumbrari.
1814 637 2060 705 Debet
2119 662 2292 708 vero
2363 655 2438 707 et
2485 639 2652 729 *ipsa
2717 632 3015 707 dicendi
3077 632 3318 703 forma
3378 627 3753 721 quadrare

956 776 1040 844 in
1101 769 1492 865 parabolae
1543 765 1925 851 indolem3
1970 764 2090 832 'de
2156 782 2298 855 qua
2343 788 2426 834 re
2476 767 2537 835 si
2589 784 2738 834 non
2795 765 3074 848 multa,
3141 773 3452 852 possunt
3500 771 3756 826 tamen

958 896 1324 969 nonnulla
1397 891 1711 960 moneri.
1810 892 2273 963 Reservanda
2351 914 2526 985 ergo
2599 889 2965 982 parabolis
3034 902 3148 954 est
3208 883 3503 954 dicendi
3574 884 3759 954 ratio

968 1024 1185 1105 unice
1237 1018 1609 1088 narrando
1676 1036 1888 1110 apta,
1957 1018 2321 1110 simplex,
2398 1015 2792 1110 pedestris,
2864 1011 3330 1103 auditoribus
3397 1010 3767 1103 adaptata.-

798 1204 805 1216 .
888 1148 906 1163 ”
966 1148 1230 1231 Absint
1282 1168 1460 1241 ergo
1512 1164 1774 1214 omnes
1827 1165 2078 1228 voce5‚
2150 1166 2334 1233 quae
2367 1142 2779 1212 sublimius
2835 1135 3132 1208 dicendi
3199 1158 3436 1233 genus
3473 1140 3762 1230 spiran-

964 1290 1075 1349 tes
1117 1295 1271 1344 non
1316 1288 1468 1343 tam
1519 1271 2006 1342 illustrandae
2051 1270 2161 1338 rei
2228 1248 2452 1360 quarn
2506 1265 2999 1365 obscurandae
3050 1265 3405 1334 inservire
3458 1266 3759 1356 possint.
3817 1289 3822 1292 ·
3881 1320 3892 1333 f

819 1448 831 1465 .
971 1401 1465 1494 Quantumvis
1523 1399 1726 1467 enim
1795 1396 2139 1490 parabola
2207 1397 2589 1492 allegorici
2639 1395 2933 1479 dicendi
2985 1395 3280 1490 generis
3329 1394 3605 1485 species
3656 1408 3769 1467 est

972 1518 1416 1619 judicanda,
1492 1525 1645 1617 ipsa
1720 1536 2450 1605 tamcn'sermonem
2523 1528 3118 1620 metaphoricum
3177 1547 3332 1609 non
3397 1523 3770 1610 admittit3
3887 1582 3956 1597 ,,

890 1644 891 1647 “
971 1658 1253 1725 etenim
1305 1637 1975 1747 ipsi'metaphorae
2023 1654 2085 1721 si
2134 1653 2440 1744 insuper
2491 1653 2788 1722 additur
2837 1652 3264 1737 translatio,
3330 1652 3554 1743 plane
3605 1674 3774 1721 eva·

974 1786 1207 1855 nescit
1271 1778 1791 1872 perspicuitas,
1877 1778 1999 1848 cui
2084 1778 2165 1846 in
2240 1802 2532 1870 quaque
2618 1783 2970 1873 populari
3024 1780 3354 1849 dictione
3426 1776 3771 1871 inprimis

974 1907 1465 1980 studendurm
1557 1904 2013 1974 Peculiarem
2065 1905 2342 1974 scilicet
2394 1907 2785 1997 parabolae
2850 1930 3070 1977 usum
3114 1871 3516 1999 in'populi
3558 1904 3772 1973 insti-

890 2026 893 2031 ’
979 2037 1347 2119 tutionem
1400 2030 1762 2120 quadrare
1813 2050 2036 2120 supra
2095 2028 2684 2101 demonstratum
2745 2047 2879 2101 est.
2980 2030 3176 2147 Quid
3246 2050 3421 2098 vero
3471 2028 3776 2121 expedit

940 2161 1263 2256 ‚populo
1314 2156 1668 2225 sublimes
1712 2152 2069 2225 audivisse
2119 2175 2363 2237 voces,
2415 2157 2687 2245 quibus
2737 2180 3037 2230 sensum
3081 2155 3472 2245 subjicere
3493 2172 3778 2244 neque-

979 2289 1102 2357 at?
1148 2287 1371 2379 plana
1415 2284 1510 2351 sit
1564 2280 1829 2365 dictio,
1876 2277 2155 2347 Christi
2211 2283 2528 2350 orationi
2579 2286 2910 2354 similis..

948 2378 955 2397 ι
1185 2411 1478 2483 Deinde
1562 2409 1981 2501 pedestrem
2042 2407 2440 2475 sumsimus
2475 2388 2955 2478 'oz-ationem.
3031 2406 3211 2499 quid
3254 2431 3435 2480 vero
3510 2412 3641 2480 fiet
3686 2411 3784 2482 de

989 2542 1361 2639 parabolis
1411 2537 1734 2606 versibus
1809 2534 2198 2625 expressis5
2267 2555 2451 2602 num
2499 2534 2817 2605 Phaedri
2884 2535 3190 2621 fabulis,
3261 2538 3583 2607 Franco·
3608 2539 3783 2608 Gal-

991 2673 1242 2752 lorum
1297 2668 1453 2735 fere
1506 2662 1888 2746 omnibus,
1945 2660 2293 2751 plurimis
2338 2663 3059 2749 nostratium,·num
3109 2665 3473 2757 parabolis
3516 2669 3790 2739 Christi

989 2822 1035 2868 a
1129 2793 1403 2874 Conzio
1486 2787 1816 2862 ‘numeris
1895 2786 2309 2876 adstrictis,
2406 2790 2549 2861 hoc
2635 2813 2922 2862 nomen
3005 2807 3120 2864 est
3208 2792 3792 2888 denegandum?

989 2901 1520 3014 Distinguatur
1566 2937 1857 2986 necesse
1910 2929 2019 2985 est
2074 2916 2279 2985 inter
2321 2916 2650 3002 fabulas,
2713 2939 2903 3008 quae
2957 2919 3039 2988 in
3101 2940 3352 2987 rerum
3391 2936 3585 3006 actu
3648 2923 3791 3014 ipsi

994 3019 1280 3145 populo
1349 3043 1787 3115 enarrantur
1856 3058 1935 3111 et
2001 3066 2180 3134 quas
2241 3027 2648 3142 elaboravit
2712 3061 3105 3137 poetarum
3159 3045 3517 3116 studium.
3644 3047 3790 3118 Cui
3849 3027 3854 3030 ’

997 3198 1245 3247 coram
1318 3173 1599 3266 populo
1665 3184 1775 3239 est
1834 3167 2276 3254 dicendum,
2361 3169 2566 3239 haud
2613 3171 2858 3242 dubie
2929 3193 3183 3241 versus
3227 3194 3411 3242 ·non
3486 3174 3793 3267 adsunt,

956 3287 1329 3399 ‘pedestri
1389 3297 1721 3369 oratione
1770 3316 1944 3363 usus
1995 3309 2104 3363 est
2157 3279 2561 3365 Menenius
2614 3299 2936 3392 Agrippa
3000 3298 3198 3385 (Liv.
3248 3311 3364 3381 11.
3407 3302 3562 3390 32.)
3630 3303 3794 3396 ple·
3903 3339 3910 3344 ·

999 3431 1178 3503 bem
1239 3431 1328 3498 ad
1383 3424 1709 3496 reditum
1779 3422 1883 3490 in
1926 3420 2254 3515 gratiam
2309 3445 2476 3492 cum
2541 3427 2871 3515 patribus
2919 3405 3486 3516 exhortaturus3
3560 3432 3799 3521 poeti-'-

1009 3581 1181 3628 cum
1238 3568 1590 3644 ornatum
1645 3559 1889 3641 nequ‘e
1937 3532 2289 3636 adhibuit
2333 3551 2633 3618 Jotham
2701 3551 2969 3642 (Judic.
3018 3553 3147 3625 XI.
3198 3555 3341 3642 8.),
3412 3555 3639 3625 verba
3688 3557 3795 3625 fa-

894 3681 951 3726 '·
1007 3684 1206 3756 ciens
1259 3705 1504 3752 coram
1556 3676 2016 3764 SichemitiS,
2067 3698 2317 3766 neque
2370 3675 2829 3748 Stesichorus
2878 3677 3214 3764 (Ariston
3256 3679 3348 3767 11)
3396 3667 3793 3750 Hianeren-

1007 3809 1213 3883 sibus
1238 3807 1580 3886 fabulam
1629 3828 1998 3876 enarrans.
2098 3803 2321 3873 Unde
2374 3818 2449 3873 et
2501 3801 2796 3875 Christo
2858 3806 3226 3897 parabolis
3270 3805 3636 3899 populum
3677 3807 3840 3878 in»

946 3911 951 3917 ⁸
1009 3936 1353 4014 stituenti
1430 3934 1813 4025 displicere
1890 3929 2205 4000 debebat
2270 3931 2650 4023 poeticum
2714 3903 3262 4026 omamejtitum.
3408 3933 3553 4024 Qui
3628 3958 3802 4024 vero

1013 4089 1169 4138 non
1222 4063 1390 4133 data
1436 4045 1807 4130 occasione
1860 4058 2185 4127 fabulam
2225 4073 2756 4151 componentes
2805 4043 3092 4157 ingenii
3130 4061 3376 4154 potius
3426 4063 3804 4154 specimen

1016 4192 1368 4263 exhibere
1421 4189 1707 4276 volunt,
1757 4186 2082 4257 versibus
2133 4201 2440 4280 possunt
2483 4185 2617 4257 uti.
2713 4184 3104 4272 Rhaedrus
3133 4188 3256 4260 vix
3302 4201 3596 4285 praeter
3640 4212 3804 4268 ver-
