4406 5288
1703 400 2403 564 auf-f

644 722 656 734 -
711 674 720 683 ’
784 667 1017 765 Ωιιειὲ
1065 654 1306 768 quum
1345 669 1468 757 fita
1510 669 1713 763 fiat,
1783 694 1938 742 non
2004 694 2098 744 ex
2147 664 2402 743 versus
2464 669 2841 761 numeris,
2910 669 3041 743 sed
3108 643 3201 743 ἐκ
3254 659 3422 768 ipsa·

526 876 532 880 ,
604 799 1139 899 parabolarum
1230 801 1542 870 materie
1636 776 2191 896 comprobanda
2294 801 2438 870 erit
2511 819 2816 884 earum,
2911 800 2971 868 si
3058 822 3202 890 qua
3278 777 3418 887 est,

606 928 894 1022 poetica
948 926 1266 996 indoles.
1370 928 1648 1018 Quodsi
1702 932 2038 998 Christus
2114 952 2195 998 re
2251 932 2417 996 ficta
2475 926 2895 1016 composuit
2941 928 3053 994 rei
3109 930 3405 996 traden-

608 1052 748 1122 dae
794 1054 1204 1148 imaginem
1256 1056 1618 1129 etvivam
1676 1072 1756 1126 et
1806 1058 2215 1140 sinceram,
2285 1052 2555 1144 poetici
2611 1050 2790 1140 quid
2859 1052 3099 1120 inesse
3147 1074 3407 1124 conce·

518 1157 523 1162 ’
608 1174 838 1254 datur.
938 1182 1442 1274 Anquiramus
1495 1207 1671 1279 ergo
1724 1208 1982 1254 omnes
2038 1182 2367 1276 regulaS,
2451 1180 2719 1268 quibus
2785 1172 3423 1280 ejusmodi'fictio*

510 1382 521 1391 ,
608 1306 1276 1396 circumscribitur3
1340 1312 1614 1402 quibus
1670 1312 1728 1380 si
1782 1334 1858 1380 se
1926 1309 2325 1376 adstrinxit
2399 1320 2701 1386 auctor,
2771 1306 3107 1374 absoluta
3187 1322 3411 1398 atque

608 1436 896 1524 poetica
944 1438 1106 1524 ejus
1176 1452 1289 1506 est
1362 1438 1804 1530 appellanda
1876 1440 2098 1506 fictio.
2207 1438 2561 1500 Attamen
2625 1432 2705 1498 in
2773 1432 2907 1498 hac
2983 1436 3413 1522 quaestione

598 1562 942 1654 primum
994 1564 1298 1654 quidem
1352 1566 1892 1636 secernendum
1966 1566 2110 1632 erit
2181 1558 2573 1650 parabolae
2647 1570 3183 1650 argumentum
3261 1560 3409 1629 sive

608 1704 1116 1782 praeceptum,
1154 1692 1354 1784 quod
1402 1694 1850 1776 illustratur,
1904 1692 1995 1758 ab
2044 1686 2381 1776 ejusdem
2417 1684 2729 1752 materie
2775 1684 2927 1752 sive
2963 1688 3413 1776 narratione,

608 1840 752 1908 qua
804 1818 1252 1890 illustratur.
1356 1824 1502 1890 Nos
1548 1844 1726 1914 ergo
1800 1818 1996 1888 illud
2062 1814 2488 1902 theologiae
2555 1812 3063 1900 systematicae
3133 1814 3409 1900 dijudi-

608 1942 928 2016 candum
978 1948 1512 2040 relinquenteS,
1560 1950 1642 2018 in
1696 1950 1834 2016 hac
1876 1948 2022 2014 sola
2064 1942 2633 2032 acquiescamus,
2735 1936 3035 2010 Deinde
3091 1962 3129 2006 a
3169 1940 3407 2012 forma

606 2076 1110 2146 revocavimus
1162 2076 1468 2168 quidem
1521 2076 2072 2168 quaestionem,
2157 2066 2359 2160 quod
2409 2068 2777 2158 poeticam
2835 2088 2999 2134 eam
3055 2090 3207 2136 non
3261 2092 3413 2140 esse

604 2206 810 2278 haud
862 2234 1084 2306 aegre
1132 2232 1764 2292 concesseramus3
1818 2228 2056 2296 quum
2096 2222 2273 2266 vero
2313 2216 2549 2262 unum
2603 2192 2954 2284 quodque
3005 2196 3181 2264 artis
3227 2220 3411 2288 opus

606 2358 700 2404 ex
754 2338 1068 2404 materie
1121 2350 1350 2424 atque
1398 2338 1638 2400 forma
1696 2346 2010 2410 constet,
2058 2324 2467 2392 videndum
2515 2322 2743 2390 etiam
2799 2324 2981 2400 erit,
3037 2326 3415 2408 quomodo

612 2482 742 2544 ea,
812 2482 954 2550 qua
1002 2458 1378 2552 gaudeant
1426 2458 1702 2526 Christi
1752 2452 2144 2548 parabolae
2201 2448 2477 2530 forma,
2549 2440 2641 2512 ad
2691 2442 3189 2512 exhibendam
3249 2448 3411 2516 uni-

612 2608 900 2656 versam
954 2586 1202 2658 ideam
1244 2584 1600 2656 conferat.

1624 2973 2205 3069 SECTIO
2323 2971 2393 3051 Ι.

1250 3183 1368 3257 De
1438 3181 1762 3255 materie
1834 3173 2130 3251 Christi
2195 3171 2751 3267 parabolarum.

1850 3565 1921 3661 ἓ-
2026 3577 2146 3651 33.

816 3729 1020 3801 Artis
1080 3753 1298 3825 opera
1370 3729 1826 3811 edebantur,
1894 3727 2325 3817 priusquam
2383 3719 2473 3789 de
2537 3721 2693 3809 ejus
2745 3713 3127 3813 principiis
3181 3735 3401 3804 quae-

618 3877 786 3935 rere
830 3877 1232 3955 coeperant
1286 3859 1758 3953 philosophi3
1830 3851 2056 3945 quid?
2146 3847 2347 3939 quod
2424 3871 2515 3917 ex
2587 3869 2735 3939 quo
2803 3845 3059 3913 doctae
3115 3853 3405 3907 exstant

614 3981 710 4053 de
764 3985 1022 4059 eadem
1066 3989 1634 4083 disputationes,
1688 3985 2086 4071 omniaque
2128 3976 2223 4045 ad
2269 3975 2597 4047 amussin
2647 3975 2853 4067 quasi
2899 3983 3149 4041 exacta
3203 3979 3403 4053 sunt,

616 4113 936 4185 rariores
990 4131 1212 4207 atque
1276 4115 1806 4187 imbecilliores
1860 4109 2185 4183 evadunt
2255 4109 2431 4177 artis
2501 4107 2929 4179 effictionem
3031 4096 3419 4165 Homerus²

618 4241 884 4313 cecinit
948 4263 1078 4313 sua
1144 4247 1468 4319 carmina
1534 4247 1788 4343 divino
1846 4239 2110 4337 spiritu
2177 4237 2485 4331 plenus,
2579 4254 2821 4323 neque
2885 4227 3071 4297 ³¹5⁸
3123 4225 3405 4321 ‘figuli‘

2939 4395 2985 4467 6
