4406 5288
1717 451 2303 543 ..31-

535 687 543 698 ·
626 670 966 759 omnium
1003 666 1408 763 lampades,
1458 668 1944 765 tenebrisque
1989 671 2255 742 obruta
2287 653 2726 762 nuptiarum
2765 666 3165 757 solemnia;
3214 670 3419 744 unde
3473 658 3474 661 ¹

606 796 987 872 'sententia
1032 810 1493 888 sequeretur,
1544 821 1698 868 non
1741 822 1894 871 esse
1938 802 2105 871 aliis
2151 799 2590 894 praestanda
2635 800 3018 884 beneficia,
3064 823 3106 870 e
3141 802 3414 892 quibus

614 926 835 998 nobis
876 929 1118 1015 majus
1171 926 1400 997 etiam
1452 926 1817 998 damnum
1884 930 2212 1015 oriatur,
2280 948 2619 1019 quaeque
2679 948 2930 1021 neque
2992 927 3170 1021 ipsis
3239 951 3412 1001 con-

607 1052 901 1126 ducant.
1006 1054 1144 1124 Vel
1199 1068 1284 1125 ut
1324 1055 1406 1125 in
1452 1044 1717 1127 eadem
1770 1056 2121 1151 parabola
2165 1055 2670 1139 subsistamus,
2718 1074 2834 1124 res
2872 1054 2973 1126 ita
3032 1068 3275 1148 potest
3316 1058 3412 1127 ab

585 1180 822 1253 initio
872 1162 1095 1283 certi:
1162 1197 1442 1251 exeunt
1495 1182 1753 1255 decem
1801 1184 2173 1279 virgines,
2244 1199 2319 1252 at
2370 1183 2681 1283 stolidae
2735 1196 2814 1252 et
2864 1184 3069 1276 ipsae
3115 1186 3416 1259 monitu

580 1285 1095 1401 'prudentium
1157 1322 1411 1383 sec‘um
1484 1290 1789 1407 portant
1867 1313 2015 1384 ol‘ei
2074 1311 2570 1382 sufficientem
2646 1309 2979 1401 copiam3
3058 1325 3135 1381 at
3210 1314 3410 1384 inter

607 1416 948 1507 eundum
1010 1453 1165 1507 tarn
1237 1439 1438 1535 large
1505 1440 1922 1511 infundunt
1975 1438 2439 1532 lampadibus
2509 1439 2810 1523 oleum,
2883 1422 2970 1508 ut
3046 1439 3209 1532 ipso
3272 1441 3407 1513 illo

602 1579 945 1658 tempore
981 1567 1431 1639 exhaustum
1479 1571 1613 1657 sit,
1672 1592 1821 1661 quo
1867 1589 2174 1661 sponsus
2228 1564 2533 1635 tandem
2589 1563 2930 1651 advenit3
2997 1566 3406 1659 prudentes

602 1709 818 1778 vero,
866 1670 1309 1784 quae-antea
1362 1698 1531 1766 oleo
1581 1710 2104 1790 pepercerant,
2154 1716 2360 1766 nunc
2422 1717 2655 1785 quum
2711 1716 2897 1787 opus
2941 1694 3078 1779 sit,
3131 1693 3402 1765 adfun-

600 1814 849 1903 dunt,
895 1820 1152 1912 itaque
1202 1822 1352 1891 rite
1421 1838 1730 1914 possunt
1770 1845 2142 1915 ‘sponsum
2195 1795 2600 1915 excipere,
2649 1823 2853 1891 und-e
2897 1836 3184 1891 constat
3232 1843 3398 1890 sen-

589 1935 848 2033 tentia,
900 1956 1054 2016 ess‘e
1096 1948 1553 2041 parcendum
1609 1950 1895 2045 opibus,
1947 1972 2071 2035 ne,
2130 1948 2429 2041 quando
2475 1962 2740 2044 urgeat
2795 1948 3213 2034 necessitas,
3266 1947 3396 2018 de-

595 2071 722 2159 sit,
813 2074 1010 2165 quod
1086 2056 1593 2169 impendatur.
1736 2080 1846 2148 Ita
1935 2078 2283 2149 dominus
2354 2078 2634 2150 Matth.
2715 2076 2944 2146 XXV.
3020 2082 3140 2158 14.
3208 2076 3397 2172 fingi

543 2188 849 2291 ‘potest'
899 2203 1100 2268 inter
1163 2218 1406 2270 servos
1473 2201 1883 2269 distributis
1935 2206 2203 2292 opibus
2256 2205 2552 2272 abiisset
2630 2205 2820 2275 servi
2890 2204 3038 2276 duo
3108 2203 3394 2299 priores

591 2325 1036 2419 negociandi
1093 2316 1376 2398 faciunt
1445 2327 1794 2412 initium,
1880 2326 2150 2395 tertius
2220 2326 2303 2393 in
2371 2339 2575 2395 terra
2642 2327 2927 2395 defodit
2976 2333 3393 2415 talentum5

586 2465 666 2522 at
713 2476 1102 2546 perperam
1155 2452 1576 2550 procedunt
1618 2455 1924 2526 illorum
1971 2448 2558 2548 negotiationes,
2610 2466 2699 2520 ut
2741 2473 3037 2521 reverso
3085 2450 3392 2526 domino

584 2600 735 2652 non
788 2582 1014 2653 modo
1068 2570 1237 2656 *non
1284 2586 1546 2658 afferre
1619 2586 1902 2680 possint
1970 2605 2262 2671 usuras,
2347 2578 2473 2652 sed
2550 2582 2797 2675 ipsum
2867 2595 3087 2675 caput
3161 2584 3389 2659 etiam

586 2706 1066 2798 perdiderint.
1207 2715 1461 2806 Quum
1529 2734 1710 2811 ergo
1758 2711 2124 2805 ‚rationes
2187 2709 2714 2796 conferantur,
2812 2708 3181 2781 accedunt
3263 2691 3389 2784 illi

583 2837 867 2930 priores
941 2821 1158 2936 valde
1223 2838 1316 2910 de
1364 2840 1628 2933 iniquo
1693 2855 2100 2914 conatuum
2173 2854 2446 2909 eventu
2508 2854 2954 2931 querentes,
3042 2838 3389 2911 dominus
3441 2827 3454 2832 ”

584 2988 759 3035 vero
816 2989 1046 3057 quum
1096 2985 1573 3065 perspectam·
1624 2970 1897 3040 habeat
1954 2989 2222 3040 eorum
2264 2965 2540 3049 fidem,
2587 2966 2992 3057 omniaque
3044 2968 3389 3038 fortunae

558 3093 1065 3192 ‘adtribuenda
1114 3099 1501 3191 iniquitati
1560 3097 2059 3181 intellexerit,
2138 3095 2456 3186 impune
2526 3112 2648 3161 eos
2701 3091 3385 3185 amittithquippe
3469 3129 3480 3138 ·

582 3207 867 3293 viribus
913 3224 1064 3295 suis
1115 3228 1582 3320 probe-usos.
1687 3223 1992 3297 Accedit
2052 3224 2318 3294 tertius
2385 3221 2609 3291 laeto?
2638 3219 2857 3290 vultu
2915 3217 3226 3294 domino
3270 3235 3379 3291 ta-

578 3349 878 3420 lentum
915 3352 1295 3443 adferens3
1351 3354 1479 3446 qui
1524 3323 1758 3446 quum
1808 3350 2316 3437 intellexisset,
2362 3325 2719 3445 ignavum
2761 3346 2988 3418 illum
3036 3368 3135 3418 ne
3178 3339 3378 3442 peri·

573 3479 828 3548 culum
890 3479 1196 3573 quidem
1251 3481 1597 3553 lucrandi
1661 3471 1955 3567 sedisse,
2020 3484 2251 3571 justas
2317 3480 2576 3572 ipsum·
2647 3478 2863 3546 luere
2925 3475 3138 3565 jubet
3201 3469 3378 3568 poe·

452 3629 461 3634 ’
572 3597 738 3693 nas,
804 3609 1012 3679 unde
1075 3613 1224 3697 jam
1291 3624 1693 3694 constaret,
1765 3609 2140 3678 nobismet
2195 3606 2370 3699 ipsis
2428 3606 2488 3673 si
2558 3603 2655 3673 de
2718 3603 2869 3673 fido
2909 3603 3188 3672 virium
3236 3624 3377 3673 usu
3475 3673 3488 3679 ,

574 3735 1024 3820 constiterit,
1126 3760 1277 3807 non
1373 3737 1790 3808 curandum
1873 3757 2023 3806 esse
2099 3734 2450 3825 iniquum
2514 3729 2926 3802 conaminis
2992 3743 3373 3801 eventum.

552 3863 820 3954 *Atque
864 3863 1049 3933 haec
1096 3862 1395 3955 quidem
1456 3865 1548 3933 de
1595 3863 2119 3958 parabolarum
2170 3861 2612 3933 mutatione.

782 3986 1094 4065 Possunt
1166 4014 1342 4062 vero
1416 3996 1640 4062 etiam
1693 3991 1990 4063 institui
2037 3991 2330 4085 pueri„
2371 4002 2459 4058 ut
2502 3970 3001 4058 narrationem
3052 3978 3375 4075 amplius

578 4130 1161 4205 prosequantur,
1231 4118 1616 4211 aliumque
1674 4107 1843 4213 ipsi·
1882 4121 2278 4212 imponant
2326 4119 2577 4190 finem.
2681 4116 2757 4189 Si
2804 4139 2870 4184 v.
2917 4135 2976 4182 c.
3020 4106 3368 4205 parabola

580 4234 676 4306 d'e
740 4242 1200 4315 Samaritano
1264 4237 1787 4334 continuatur,
1858 4247 2087 4318 vario·
2126 4243 2350 4315 modo
2417 4265 2581 4316 eam
2648 4240 3111 4312 conformare
3175 4238 3369 4307 licet.

2854 4402 2942 4474 11
