4406 5288
2429 276 2483 308 s*

1006 362 1031 389 l
1324 362 1329 365 ⁷
1777 375 1780 379 ’
1894 382 1905 393 0

996 421 1039 475 ι·
1246 446 1253 459 -
2105 443 2224 463 --
2303 405 2464 503 x64
2579 425 2697 476 -·

1008 633 1120 689 est
1172 582 1786 711 relinquendum3
1857 622 1941 695 id
2005 625 2211 719 quod
2277 622 2542 702 omnis
2587 632 2763 703 artis
2836 630 3264 726 proprium
3289 654 3442 705 esse
3497 633 3816 710 videtur:

1011 746 1264 835 Quum
1325 746 1527 816 enim
1585 772 1775 839 quae
1817 748 2121 841 adsunt,
2196 747 2479 850 duplici
2545 761 2776 849 modo
2852 762 3137 854 possint
3188 762 3387 855 capi,
3462 762 3815 835 deserunt

925 862 939 923 ἓ
1007 893 1144 941 nos
1190 875 1534 967 regulae,
1600 890 1826 966 atque
1892 879 2035 950 soli
2095 897 2345 954 nostro
2417 889 2711 962 venusti
2783 891 3037 960 sensui
3083 904 3196 960 est
3247 889 3815 960 confidendum:

944 1002 1148 1093 qui
1226 1002 1359 1069 ubi
1441 1002 1520 1070 in
1586 1002 1756 1087 aliis
1831 1003 2025 1074 alius
2095 1023 2251 1095 est,
2333 1011 2649 1087 diversas
2712 1012 3244 1110 explicationes
3309 1016 3585 1105 fundit.
3687 1012 3817 1086 Est

1010 1147 1186 1196 vero
1235 1122 1833 1201 hermeneutices
1876 1153 2171 1204 summa
2212 1123 2460 1227 notio,
2511 1157 2601 1212 ut
2651 1166 2844 1235 quae
2892 1142 3212 1213 senserit
3260 1156 3337 1211 et
3362 1142 3816 1236 cogitaverit

970 1256 1457 1347 ¹scriptorum
1499 1272 1793 1342 auctor,
1853 1258 2117 1329 eadem
2191 1265 2396 1355 apud
2461 1288 2598 1337 nos
2649 1292 3085 1339 revocemus
3134 1281 3359 1359 atque
3419 1270 3627 1359 quasi
3682 1268 3810 1339 de·

938 1482 943 1486 .
1005 1402 1156 1449 nuo
1209 1383 1723 1475 inveniamus:
1779 1384 1983 1454 unde
2026 1392 2353 1484 exegesis
2404 1414 2556 1463 non
2610 1400 2861 1471 minus
2910 1398 2995 1465 in
3046 1394 3334 1491 agendo
3387 1397 3622 1487 posita
3673 1413 3808 1486 est,

1006 1531 1238 1600 quam
1286 1508 1442 1600 ipsa
1491 1511 1821 1593 ποίησις..
1881 1511 2079 1622 Ordo
2131 1538 2347 1602 vero,
2426 1543 2651 1610 quem
2704 1523 3044 1617 sequitur
3104 1522 3520 1614 interpres,
3583 1525 3808 1618 plane

1008 1636 1424 1705 contrarius
1482 1634 1552 1700 ei
1607 1648 1757 1719 est,
1824 1637 1957 1726 qui
2011 1636 2217 1709 ducit
2266 1641 2672 1717 auctorem.
2755 1649 2913 1718 Hic
2980 1650 3184 1720 enim
3267 1651 3642 1745 primum·
3668 1653 3826 1728 sibi.

1007 1761 1367 1859 proponit
1415 1732 1870 1830 sententiam
1910 1764 2283 1855 aliquam,
2354 1795 2578 1862 quam
2636 1776 2884 1845 verbis
2937 1778 3397 1874 exsequitur.
3469 1779 3588 1845 illi
3632 1798 3807 1849 vero

751 1969 761 1978 .
810 1904 811 1907 ’
913 1983 917 1987 p
1007 1890 1256 1959 oblata
1296 1886 1525 1956 verba
1568 1899 1781 1970 sunt,
1854 1874 2057 1959 unde
2108 1899 2555 1967 sententiam
2611 1919 2869 1989 eruat3
2945 1929 3168 1996 quam
3233 1905 3327 1972 ob
3393 1927 3556 1974 rem
3608 1904 3810 1974 hanc

974 2013 1339 2091 ⁶nostram
1415 2016 1508 2085 de
1576 2015 2104 2108 parabolarum
2174 2020 2796 2116 interpretatione
2851 2030 3448 2123 disputationem
3519 2033 3600 2100 in
3658 2048 3810 2103 tres

1007 2147 1386 2240 aptissime
1433 2143 1796 2238 distingui
1860 2160 2102 2241 partes
2152 2166 2415 2240 sponte
2480 2168 2818 2246 apparet:
2900 2156 3282 2225 videamus
3338 2179 3514 2251 ergo
3582 2160 3663 2247 1)
3712 2157 3808 2230 de
3893 2136 3902 2149 ἢ

1008 2295 1092 2346 re
1145 2288 1495 2361 narrata,
1545 2270 1629 2361 2)
1681 2270 1772 2339 de
1811 2292 1895 2341 re
1944 2270 2393 2367 significata,
2445 2276 2533 2367 3)
2588 2278 2682 2349 de
2735 2280 3126 2375 utriusque
3169 2284 3392 2350 nexu.

2014 2604 2095 2670 A.
2185 2604 2302 2673 De
2353 2628 2428 2672 re
2488 2625 2833 2706 narr-agas
2943 2620 2966 2641 ⁴·

1162 2797 1329 2874 ’Ad
1381 2803 1926 2877 inveniendum
1980 2805 2210 2901 ipsius
2254 2806 2701 2878 narrationis
2752 2828 3051 2900 sensum
3106 2803 3228 2876 vix
3281 2829 3465 2899 opus
3518 2820 3668 2891 est,
3722 2825 3808 2879 ut

1010 2928 1302 3020 aliquid
1354 2931 1709 3024 addatur3
1788 2958 2083 3028 prorsus
2154 2935 2357 3004 enim
2406 2931 2709 3001 eaedem
2776 2931 2900 3001 hic
2953 2932 3311 3006 valebunt
3361 2932 3807 3005 hermeneu-
3919 2987 3924 2990 -

1014 3057 1200 3127 tices
1283 3061 1649 3155 regulae,
1728 3063 1997 3153 quibus
2075 3065 2435 3166 cujusque
2509 3062 2697 3133 alius
2765 3065 3217 3134 narrationis
3289 3064 3807 3156 interpretatio

1014 3186 1306 3259 nititur.
1407 3187 1600 3258 Sunt
1669 3189 1872 3259 enim
1952 3187 2095 3258 hae
2145 3190 2610 3262 narrationes
2662 3192 2928 3265 eadem
2995 3192 3277 3278 forma,
3354 3212 3528 3281 qua
3551 3212 3810 3262 omnes

1012 3316 1372 3385 Veterum
1419 3315 1602 3385 libri
1646 3314 1938 3400 traditi3
1985 3313 2188 3383 unde
2241 3316 2302 3384 si
2348 3315 2440 3387 ad
2483 3319 3017 3419 intelligendos
3059 3323 3152 3396 N.
3191 3323 3277 3391 T.
3329 3320 3558 3389 libros
3608 3332 3811 3390 certa
3878 3418 3883 3428 ε

1014 3442 1341 3550 quodam
1394 3444 1696 3544 spiritus
1747 3442 1982 3511 divini
2038 3441 2317 3516 adflatu
2368 3466 2554 3536 opus
2607 3461 2841 3538 esset,
2895 3446 3382 3542 supersedere
3434 3469 3809 3540 possemus

925 3647 940 3659 ,
1010 3572 1190 3665 ipsis
1235 3574 1559 3667 scriptis,
1634 3588 1860 3665 atque
1922 3574 2003 3642 in
2051 3574 2208 3645 solo
2261 3574 2392 3643 illo
2461 3576 2743 3647 adflatu
2816 3578 3296 3669 acquiescere.
3339 3616 3451 3630 -·-
3548 3576 3607 3642 A
3664 3576 3836 3644 sin·-

1010 3689 1393 3793 gulorum
1414 3721 1593 3796 ergo
1647 3701 2040 3772 verborum
2096 3701 2595 3794 explicatione
2646 3704 2736 3773 fit
2779 3720 3222 3799 progressus
3265 3700 3360 3771 ad
3410 3700 3810 3771 sententia-

1006 3849 1182 3896 rum
1236 3828 1775 3919 expositionem
1803 3875 1823 3914 ,
1897 3827 2098 3898 unde
2144 3828 2472 3920 denique
2519 3845 2675 3901 tota
2719 3834 3048 3901 narratio
3092 3827 3501 3923 apparebit.
3599 3825 3815 3900 Hanc

1011 3956 1219 4026 enirn
1278 3955 1495 4026 unice
1548 3979 1798 4030 veram
1845 3943 2396 4048 interpretandi
2448 3979 2603 4026 esse
2677 3956 2920 4041 viam,
2997 3977 3244 4045 neque
3279 3969 3340 4024 'a
3392 3954 3813 4022 sententiae
3913 4023 3926 4038 ,

1022 4084 1458 4168 universalis
1511 4085 1969 4177 expositione
2021 4083 2378 4178 progredi
2426 4105 2634 4175 posse
2680 4082 2766 4151 ad
2823 4083 3118 4174 singula
3174 4081 3389 4152 verba
3444 4081 3811 4172 explican-

1029 4208 1160 4295 da,
1221 4211 1489 4282 exinde
1539 4225 1886 4306 apparet,
1952 4208 2152 4302 quod
2205 4208 2363 4304 ipsa
2401 4207 2768 4280 sententia
2819 4208 3252 4296 nonnisisex
3296 4207 3606 4304 singulis
3653 4229 3812 4306 venr-

1396 4343 1404 4356 ,
1680 4323 1686 4348 ι
