4406 5288
993 674 1145 725 non
1203 652 1585 747 proprium
1639 643 2028 740 parabolae
2076 666 2167 713 ex
2186 646 2376 740 ejus
2420 636 2786 709 sententia
2835 632 3282 731 putandum.
3382 634 3542 705 Vox
3578 629 3783 699 enim

937 838 941 851 .
997 782 1081 873 u}
1139 776 1554 870 Σωκρατικὰ,
1592 796 1764 865 qua
1834 774 1998 860 ejus
2060 772 2215 844 vim
2277 766 2844 862 complectitur,
2911 780 2992 834 et
3054 761 3494 833 animalium
3566 776 3783 831 utum

999 930 1149 977 non
1204 904 1566 975 excludit.
1614 923 1780 971 v.c.
1824 900 2169 991 Xenoph.
2220 895 2765 968 Memorab.11.
2818 902 2888 974 3.
2939 899 3151 975 4.,7.

2242 1116 2316 1212 §-
2419 1131 2582 1207 2ss

1204 1287 1452 1376 Atque
1536 1281 1681 1353 hoc
1769 1282 1930 1352 loco
2000 1300 2154 1350 non
2205 1256 2887 1372 ‚praetermittenda
2958 1273 3435 1375 ests-egregia
3521 1270 3798 1340 Krum·

1012 1380 1388 1498 machari,
1455 1412 1638 1501 (quo
1692 1409 1917 1495 hujus
1969 1409 2078 1478 rei
2129 1408 2295 1497 quis
2341 1408 2647 1499 aequior
2701 1400 2818 1478 'est
2879 1406 3207 1497 judex?)
3290 1374 3386 1473 de‘
3441 1397 3804 1495 parabolis

1012 1543 1376 1616 sententia
1429 1538 1555 1641 28).
1661 1538 1973 1607 Etenim.
2010 1536 2355 1628 parabola
2407 1559 2644 1627 quum
2702 1538 3014 1629 propius
3060 1537 3155 1606 ad
3211 1537 3627 1638 humanam
3671 1546 3805 1594 na-
3847 1587 3859 1596 ,

1013 1650 1260 1759 turam
1320 1689 1544 1758 quam
1592 1665 1839 1735 fabula
1896 1664 2239 1747 accedat,
2299 1677 2552 1755 potest:
2579 1666 2936 1737 inservire
2979 1680 3057 1734 et
3105 1667 3350 1757 longe
3379 1651 3812 1730 sublimiori
3863 1682 3868 1683 ff

1018 1796 1197 1883 fini,
1271 1818 1495 1886 quam
1564 1790 1944 1864 tradendis
2008 1790 2332 1885 vulgaris
2399 1792 2907 1883 experientiae
2971 1789 3387 1882 praeceptis
3447 1783 3696 1873 (conf.
3740 1772 3842 1868 §-

1022 1908 1233 2009 66.)
1264 1920 1355 1991 ad
1417 1921 1643 1999 vitae
1677 1919 2339 1988 conformationem
2412 1917 2790 2009 adaptatis.
2912 1919 3214 1988 Altioris
3283 1917 3512 1985 etiam
3585 1898 3814 1982 horno

1024 2049 1270 2117 incola
1321 2063 1431 2116 est
1474 2045 1766 2131 mundi,
1810 2045 2475 2135 sublimioremque
2517 2044 2843 2140 adtingit
2877 2068 3130 2114 rerum
3186 2042 3553 2127 ordinem,
3605 2061 3815 2133 pror·

1027 2196 1147 2243 sus
1199 2174 1571 2242 diversum
1646 2197 1688 2242 a
1741 2174 2157 2243 communis
2225 2172 2419 2241 vitae
2489 2172 2819 2242 nexibus.
2924 2172 3169 2261 Atque
3223 2169 3373 2238 hoc
3419 2167 3822 2237 sublimius

1031 2300 1468 2385 vinculum,
1548 2324 1696 2391 quo
1771 2324 1939 2370 curn
1987 2302 2150 2370 Deo
2214 2300 2783 2397 conjungimur,
2855 2297 3200 2388 inprimis
3263 2318 3356 2364 ex
3400 2298 3486 2366 N.
3531 2299 3623 2366 T.
3687 2302 3821 2366 ho·

1031 2426 1233 2496 tione
1287 2426 1481 2495 cadit
1526 2426 1605 2493 in
1660 2426 2052 2515 parabolae
2103 2426 2579 2511 provinciam.
2683 2424 3121 2491 Traduntur
3184 2422 3490 2510 quidem
3535 2438 3613 2490 et
3660 2423 3827 2492 vul·

1035 2552 1229 2651 garis
1278 2550 1725 2641 prudentiae
1780 2562 2210 2638 praecepta,
2283 2564 2366 2615 ut
2418 2549 2598 2617 Luc.
2647 2548 2835 2619 XVI.
2890 2559 2953 2627 1.
2994 2569 3190 2639 sqq.:
3239 2549 3586 2620 ·maxima
3656 2570 3829 2620 vero

1037 2677 1564 2770 parabolarum
1635 2678 1809 2744 Jesu
1870 2675 2149 2744 Christi
2218 2697 2381 2767 pars
2453 2676 2795 2756 altiorem
2849 2669 3081 2746 'inum
3160 2697 3413 2746 rerum
3485 2677 3829 2750 ordinem

1040 2801 1359 2895 spectat,
1437 2799 1533 2869 ad
1599 2822 1826 2892 quem
1895 2801 2242 2893 inprimis
2299 2800 2714 2871 Christiana
2767 2802 3146 2897 religione·
3194 2802 3638 2874 adducimur
3673 2802 3832 2891 29),

1042 2930 1437 3018 Possumus
1484 2950 1662 3024 ergo
1706 2950 1807 3004 ex
1868 2929 2022 3022 ipsa
2088 2929 2228 2999 hac
2280 2929 2587 3000 notione
2654 2931 3031 3026 peculiare
3082 2931 3604 3025 parabolarum
3653 2952 3834 3003 con-

1044 3055 1353 3138 stituere
1419 3078 1691 3153 genus,
1756 3056 1957 3152 quod
2027 3058 2347 3127 sanctius
2411 3059 2972 3151 appellaverim.
3094 3059 3445 3130 Parabola
3493 3082 3561 3128 v.
3615 3082 3681 3128 c.
3741 3059 3834 3130 de

1042 3161 1271 3284 patre*
1317 3182 1814 3266 moribundo,
1888 3185 2017 3273 qui
2067 3184 2265 3254 filios
2312 3183 2400 3254 ad
2458 3188 2848 3259 colendam
2907 3187 3203 3260 vineam
3263 3186 3595 3258 thesauri
3665 3166 3839 3283 pro-

1054 3314 1277 3384 misso
1342 3313 1761 3408 proposito,
1841 3325 2002 3381 erat
2075 3313 2644 3402 exhortaturus,
2728 3340 2822 3388 ex
2895 3306 3159 3388 eadem
3230 3318 3393 3387 fere
3480 3340 3563 3387 re
3642 3320 3843 3412 cepit

1056 3444 1666 3533 similitudinem,
1727 3457 1953 3535 atque
1987 3441 2265 3515 Christi
2307 3444 2443 3517 illa
2489 3445 2580 3515 de
2636 3446 2880 3539 operis
2929 3447 3028 3519 ad
3085 3438 3387 3519 vineam
3446 3446 3842 3519 colendam

3782 3599 3828 3646 ‘l

1128 3801 1266 3882 ᾖ29)
1348 3804 1515 3882 Rem!
1555 3805 1833 3872 eandem
1887 3810 2300 3873 intellexisse
2358 3812 2563 3872 etiam
2621 3805 2906 3871 videtur
2946 3805 3212 3870 Pfaffius
3266 3804 3351 3870 de
3405 3812 3595 3870 recta
3652 3806 3845 3872 theo·

1369 3916 1588 4004 legiae
1633 3920 2056 4001 parabolicae
2099 3926 2171 3985 et
2211 3919 2615 4006 allegoricae
2659 3922 3186 3982 conformatione
3238 3937 3305 4000 p.
3350 3922 3417 3983 2.
3461 3919 3847 4001 parabolam

1374 4029 1472 4090 ita
1502 4025 1857 4092 definiens:
1906 4030 2194 4104 historia
2216 4028 2627 4092 verosimilis
2657 4048 2736 4090 eo
2776 4029 2908 4093 fine
2947 4029 3128 4107 ficta,
3169 4035 3252 4089 ut
3290 4025 3495 4090 altius
3535 4039 3608 4093 et
3646 4033 3849 4114 spiri-

1368 4140 1622 4202 tualius
1689 4137 1857 4223 quid
1909 4160 1990 4205 eo
2054 4139 2211 4203 velo
2278 4138 2723 4227 significetur.
2829 4138 3033 4202 ‚Confi
3073 4138 3300 4234 ⁸Storr
3356 4139 3402 4203 1.
3464 4141 3511 4204 1.
3574 4151 3714 4204 not.
3779 4146 3847 4223 4,

1369 4247 1619 4312 Glassii
1659 4249 1967 4334 philolol.
2012 4269 2239 4331 sacra,
2281 4246 2387 4313 ed..
2431 4248 2658 4311 Bauer
2698 4245 2778 4311 11.
2829 4253 2933 4318 16.
