4406 5288
2156 421 2802 547 -78-„

1051 630 1113 698 si
1206 623 1504 696 uberius
1606 626 1934 719 exposita
2026 627 2295 724 fuerit3
2345 610 2821 714 'auditorum
2906 640 3190 716 animos
3271 658 3515 739 potest
3578 648 3843 741 utique

1049 748 1369 825 movere.
1494 754 1603 835 Ita
1674 754 1920 826 fratris
2007 762 2310 849 majoris
2383 770 2846 865 malignitas,
2908 758 3064 861 tam
3152 772 3415 843 vividis
3480 775 3842 849 coloribus

814 952 837 966 .
1048 883 1287 975 Picta,
1384 882 1694 974 praebet
1790 888 2225 978 exemplum
2301 890 2630 967 hominis
2706 872 3146 971 arctioribus
3218 901 3546 972 sensibus
3630 901 3840 986 moti,
3949 902 3960 915 '

1049 1007 1292 1101 deque
1337 1007 1664 1078 aliorum
1713 1008 2069 1085 felicitate
2108 1013 2380 1113 misere
2421 1020 2769 1119 lugentis.

1638 1310 1643 1315 ,
2280 1237 2353 1336 ἓ.
2457 1257 2577 1333 63·

1240 1390 1639 1461 Parabolae
1691 1390 1968 1462 Matth.
1999 1393 2160 1463 XX.
2219 1406 2256 1479 1
2307 1421 2462 1492 sqq.
2511 1402 2603 1473 de
2648 1405 2890 1498 operis
2948 1403 3044 1476 ad
3097 1404 3391 1483 vineam
3446 1397 3833 1473 colendam

1040 1520 1424 1591 conductis
1491 1519 2158 1612 summaquidem
2219 1529 2438 1601 notio,
2500 1531 2578 1598 in
2647 1554 2738 1602 eo
2807 1546 3180 1617 versatur,
3261 1540 3344 1615 ut
3394 1526 3557 1599 Deo
3607 1529 3831 1599 licere

1039 1674 1177 1757 pro
1246 1650 1561 1737 ‚arbitrio
1630 1651 1987 1721 beneficia
2050 1653 2250 1722 inter
2323 1658 2662 1728 homines
2697 1690 2700 1695 ·
2737 1660 3177 1731 distribuere
3253 1632 3828 1726 demonstretur.

1036 1758 1135 1851 Αἶ
1178 1782 1257 1851 in
1307 1768 1653 1874 populari
1699 1781 2319 1875 interpretatione
2359 1789 2758 1876 possumus
2802 1784 2894 1853 ad
2944 1800 3177 1861 certas
3219 1766 3570 1873 quasdam
3618 1794 3832 1849 notas

1034 1910 1413 1981 advertere
1462 1909 1895 1981 auditorum
1945 1910 2281 1995 animos,
2349 1912 2618 2002 quibus
2670 1909 3109 1982 defendatur
3169 1924 3245 1980 et
3288 1920 3830 1999 compensetur,

1033 2037 1237 2131 quod
1282 2038 1357 2106 in
1406 2037 1549 2107 hac
1591 2037 1920 2132 imagine
1966 2058 2196 2128 usque
2240 2051 2585 2106 remanet
2620 2039 2941 2131 graviter
2987 2052 3215 2126 atque
3253 2034 3516 2124 inique
3553 2040 3830 2103 actum.

1030 2146 1402 2234 Monendi
1451 2174 1626 2231 sunt
1674 2161 2076 2244 auditores,
2130 2161 2260 2248 qui
2312 2174 2688 2250 postremo
2740 2163 2900 2232 loco
2947 2162 3094 2231 sint
3141 2162 3221 2229 in
3257 2161 3556 2229 vineam
3602 2159 3825 2240 missi,

1028 2292 1165 2359 hos
1229 2289 1428 2358 nihil
1505 2303 1725 2358 antea
1795 2285 1887 2356 de
1951 2284 2297 2369 mercede
2365 2301 2808 2376 quaerentes
2899 2288 3208 2358 abivisse
3304 2287 3674 2378 planeque
3744 2306 3822 2352 se

1025 2414 1540 2511 patrifamilias
1600 2412 1962 2504 aequitati
2027 2411 2353 2499 dedisse,
2436 2414 2715 2506 priores
2781 2436 2956 2484 vero
3014 2430 3176 2483 tum
3251 2413 3562 2489 demum
3636 2435 3821 2504 opus

1026 2546 1248 2616 fuisse
1312 2538 1734 2639 aggiessoS,
1808 2563 2045 2632 quum
2086 2526 2291 2631 'ipsis
2355 2538 2448 2609 de
2502 2538 2839 2610 mercede
2891 2524 3356 2623 constitisset.
3460 2536 3580 2607 llli
3644 2560 3821 2633 ergo

1027 2673 1412 2769 egregium
1468 2668 1782 2740 fiduciae
1839 2668 1922 2736 in
1978 2665 2284 2737 domino
2335 2666 2618 2759 positae
2671 2668 3083 2745 exhibuere
3132 2667 3546 2760 specimen,
3602 2667 3823 2746 adeo-

1024 2824 1170 2897 que
1226 2796 1434 2891 digni
1481 2793 1755 2864 redditi
1809 2806 1984 2862 sunt
2034 2793 2456 2890 aequitate,
2511 2816 2647 2885 qua
2702 2811 2951 2888 postea
3002 2795 3438 2890 gauderent.

1224 2925 1339 2992 De
1413 2921 1768 2992 brevioris
1831 2921 2032 2990 illius
2099 2921 2490 3013 parabolae
2539 2927 2820 2999 Matth.
2874 2929 3519 3022 X111.w12.·sensu
3589 2950 3816 3019 supra

980 3035 1177 3144 'jam
1229 3049 1649 3144 expositum
1704 3061 1854 3119 est:
1890 3046 2332 3150 'vocesb'tav
2379 3054 2450 3122 δὲ
2500 3048 3149 3139 ᾳῦξὴθη-αὗτοῦ,
3201 3074 3314 3144 4εκ
3370 3052 3611 3146 parvis
3671 3052 3812 3123 ini-

1018 3179 1167 3274 tiis¹
1207 3177 1619 3248 admodum
1688 3198 1964 3273 magna
2010 3176 2287 3247 exoriri
2357 3177 2671 3267 docent,
2750 3179 3099 3272 populari
3179 3199 3360 3249 vero
3419 3177 3813 3271 interpreti

1017 3305 1194 3376 licet
1236 3306 1633 3376 arctiorem
1680 3277 1911 3375 etiam
1970 3325 2143 3374 cum
2195 3303 2532 3375 doctrina
2585 3306 2999 3377 Christiana
3062 3305 3239 3377 inde
3292 3291 3556 3376 eruere
3615 3326 3814 3374 com·

1018 3435 1530 3525 parationem,
1604 3454 1798 3524 quae
1863 3430 2191 3522 reliquas
2243 3432 2624 3526 religionis
2687 3433 3012 3519 formas,
3084 3435 3198 3506 uti
3252 3435 3524 3529 sinapis
3568 3435 3813 3504 frutex

1017 3559 1221 3629 olera
1295 3562 1762 3632 sublimitate
1806 3572 2148 3658 superet,
2186 3559 2717 3651 ⁴omnibusque
2783 3561 3258 3650 hominibus,
3340 3564 3457 3631 uti
3533 3561 3813 3631 arboris
3893 3543 3898 3552 ’

1012 3686 1350 3772 latebrae
1395 3692 1687 3778 avibus,
1740 3704 1990 3759 tutum
2038 3689 2429 3784 praebeat,
2478 3710 2625 3779 quo
2661 3710 2751 3757 se
2799 3689 3204 3783 recipiant,
3255 3689 3656 3784 refugium.

984 3911 991 3916 x
1215 3816 1324 3885 Ita
1391 3840 1567 3914 ergo
1631 3821 1693 3889 si
1744 3821 1823 3890 in
1899 3818 2161 3914 populi
2218 3840 2435 3887 usum
2483 3817 3016 3888 convertuntur
3095 3817 3436 3913 singulae
3505 3814 3810 3907 parabo·

938 3961 945 3966 ·
1016 3944 1261 4013 larum
1339 3960 1620 4039 partes,
1694 3949 2032 4040 primum
2095 3970 2134 4015 a
2182 3935 2535 4029 consilio,
2601 3969 2747 4037 quo
2793 3961 2971 4017 sunt
3016 3945 3302 4029 dictae,
3371 3962 3525 4011 non
3577 3939 3807 4013 disce·

1020 4068 1301 4161 dimus,
1377 4077 1938 4168 nam5adjuvari
1978 4053 2095 4146 ‘iis
2145 4074 2347 4146 haud
2397 4073 2620 4143 dubie
2674 4075 2918 4144 voluit
2967 4063 3305 4139 Christus
3375 4069 3637 4161 populi
3691 4069 3805 4136 in-

1018 4197 1547 4294 telligentiam.
1650 4203 1950 4276 Deinde
2009 4202 2479 4274 vero·etiam
2538 4222 2690 4270 non
2739 4198 3237 4280 metuendum
3308 4197 3666 4280 videtur,
3712 4216 3805 4263 ne
