4406 5288
2104 445 2464 535 —20
2573 404 2852 533 --’.

1012 644 1161 736 dat.
1262 666 1512 757 Atque
1572 655 2101 754 ex·10mnibus
2166 663 2262 734 de
2333 664 2476 735 hac
2548 683 2638 734 ro
2699 657 3128 753 disputatis·
3162 658 3322 765 50ss
3390 658 3815 763 catinenses

1014 792 1322 865 consilio
1376 789 1589 861 nobis
1639 790 2040 881 proposito!
2075 791 2465 878 videmur,
2497 836 2500 841 ·
2533 792 2596 861 si
2648 814 2733 864 ea
2780 790 3312 863 tantummodo
3355 791 3439 861 in
3475 770 3823 866 medium

1018 918 1602 1014 protulerimus,
1693 941 1885 1007 quae
1954 942 1995 988 a
2057 921 2442 1016 Lessingio
2531 890 2834 1010 (quanti
2903 918 3232 989 nominis
3287 919 3530 1012 vin-01)
3586 938 3664 993 et
3728 926 3822 993 ab
3939 924 3952 943 ‘

1015 1046 1143 1130 iis,
1196 1043 1326 1133 qui
1377 1057 1634 1113 contra
1691 1065 1865 1114 eum
1915 1020 2232 1132 stete-te,
2290 1062 2471 1118 sunt
2520 1047 2886 1139 exposita;
2958 1048 3172 1133 cujus
3225 1048 3649 1136 posterioris
3699 1048 3825 1119 Vi·
3905 1078 3914 1093 ,

1018 1162 1274 1241 rorum
1344 1169 1518 1241 DD.
1579 1172 1813 1262 partis
1884 1173 2395 1265 coryphaeum
2491 1173 2921 1255 Hei-derum
2992 1174 3420 1245 adhibuisse
3487 1168 3876 1247 sufficias

1019 1297 1326 1370 Etenim
1382 1319 1573 1389 quae
1635 1310 1811 1367 ante
1857 1297 2334 1397 Lessingium
2407 1316 2484 1375 et
2538 1304 3087 1376 Franco-Galli
3150 1317 3229 1377 et
3290 1303 3526 1379 nostri
3590 1302 3828 1375 critici

1024 1426 1541 1521 disputarunt,
1595 1448 1678 1494 ea
1731 1427 1982 1495 omnia
2039 1428 2315 1520 partim
2370 1431 2694 1503 refutata
2743 1457 2785 1503 a
2835 1432 3219 1531 Lessingio
3269 1445 3481 1522 sunt,
3552 1430 3826 1526 partim

1023 1553 1119 1627 ad
1173 1556 1571 1631 meliorem
1623 1553 1925 1653 frugem
1973 1556 2297 1630 redacta.
3861 1539 3872 1545 ’

2272 1780 2345 1878 §-
2453 1793 2575 1874 15:

1228 1939 1343 2010 Ad
1398 1936 1998 2036 perspiciendum
2054 1942 2419 2041 Lessingii
2469 1942 2566 2016 de
2615 1943 2966 2038 parabola
3031 1938 3438 2035 judicium,
3500 1937 3834 2034 primum

1030 2067 1196 2154 ejus
1248 2066 1550 2139 fabulae
1590 2069 2132 2142 definitionem
2184 2070 2672 2143 adducamus.
2737 2072 3126 2141 invenitur
3186 2070 3315 2139 illa
3366 2070 3449 2137 iu
3501 2065 3852 2160 disputa·

1033 2194 1367 2277 tionibus
1420 2196 1516 2266 de
1566 2197 1821 2268 fabula
1870 2198 2225 2292 Aesopica
2278 2198 2433 2287 18),
2504 2198 2913 2269 vernaculis
2965 2200 3130 2286 ejus
3177 2195 3470 2265 fabellis
3537 2192 3835 2265 additis.

1022 2321 1345 2419 Lessing
1395 2325 1868 2395 s'ammtliche
1931 2328 2233 2397 Werke.
2286 2340 2468 2397 tom.
2519 2326 2780 2394 xvm.
2833 2348 2906 2414 p.
2955 2331 3058 2404 43
3111 2346 3268 2413 sqq.
3873 2306 3878 2311 ’

1122 2514 1135 2525 ,
1233 2449 1484 2517 Wenn
1552 2448 1698 2518 wir
1768 2451 1994 2517 einen
2059 2452 2574 2542 allgemeinen
2635 2444 3134 2521 moralischen
3177 2445 3355 2513 Satz
3418 2447 3550 2515 auf
3610 2448 3838 2520 einen

1035 2576 1457 2649 besondern
1514 2575 1673 2643 Fan
1727 2572 2321 2658 zuruckfuhren,
2371 2572 2653 2642 diesem
2705 2567 3123 2639 besondern
3175 2569 3381 2640 Faue
3434 2571 3554 2643 die
3587 2575 3838 2648 vvirk-

1036 2704 1349 2776 lichkeit
1400 2703 1812 2786 ertheilen‚
1876 2700 2030 2771 und
2084 2700 2355 2770 daraus
2407 2703 2578 2772 eine
2629 2697 3082 2770 Geschichte
3132 2696 3474 2787 dichten,
3523 2703 3606 2773 in
3623 2705 3850 2777 ‘wel-

1040 2831 1220 2903 cher
1289 2809 1469 2898 man*
1524 2827 1669 2897 den
1723 2827 2233 2923 allgemeinen
2283 2831 2450 2900 Satz
2514 2825 2991 2898 anschauend
3046 2828 3404 2916 erkennt,
3474 2852 3555 2901 so
3606 2830 3840 2905 heisst

1042 2960 1244 3032 diese
1292 2955 1682 3054 Dichtung
1731 2958 1898 3026 eine
1949 2956 2174 3027 Fabel
2228 2954 2355 3044 ¹9).
2454 2956 2702 3047 Atque
2754 2954 3090 3048 primum
3142 2955 3448 3047 quidem
3499 2958 3596 3029 ad
3648 2961 3847 3034 hanc

1042 3087 1556 3159 definitionem
1606 3151 1611 3160 ,
1631 3088 1787 3178 jam
1860 3084 2159 3154 monuit
2229 3083 2643 3170 Herderus,
2716 3083 3153 3171 (zerstreute
3219 3084 3507 3155 Blatter
3573 3086 3702 3155 III.
3772 3107 3852 3179 p.

1053 3225 1199 3300 143
1251 3212 1443 3306 sqq.)
1513 3211 1847 3280 ethicum
1902 3226 2388 3305 praeceptum
2437 3196 2798 3283 ‘nondum
2833 3207 3200 3284 sufficere
3248 3197 3858 3308 ad²explendam'

1136 3513 1265 3594 18)
1351 3511 1482 3579 Per
1527 3522 1738 3577 totam
1780 3509 2081 3576 nostram
2124 3510 2587 3594 quaestionem
2647 3506 2922 3568 nonnisi
2966 3505 3260 3570 fabulam
3301 3508 3694 3594 ‚Aesopicam
3736 3531 3848 3576 re..

1351 3628 1567 3708 spici,
1600 3628 1746 3688 ¹vix
1802 3643 1970 3707 opus
2029 3632 2133 3686 est
2191 3631 2273 3683 ut
2327 3616 2753 3681 adnotemus:
2809 3616 3124 3680 adhiberi
3191 3621 3372 3681 enim
3430 3621 3723 3685 fabulam
3767 3624 3849 3688 de

1354 3729 1649 3797 historia
1712 3738 1916 3798 etiam
1976 3721 2264 3798 carmini
2331 3740 2405 3794 et
2464 3730 2660 3812 epico
2720 3737 2791 3791 et
2857 3726 3228 3807 dramatico
3273 3713 3670 3812 substrata,
3745 3740 3850 3799 uti

1354 3842 1596 3908 Graec.
1644 3844 1904 3930 μόθον
1949 3866 2075 3930 per
2114 3865 2184 3908 se
2229 3851 2511 3906 constat.
2585 3859 2602 3880 ²
2714 3857 2722 3874 ’
2829 3867 2834 3874 ·

1141 3957 1269 4036 19)
1357 3955 1527 4019 Cum
1585 3956 1711 4020 hao
1765 3957 2162 4020 definitione
2222 3956 2367 4016 fere
2425 3952 2765 4016 consentit
2802 3950 3116 4039 Scaliger
3172 3950 3256 4016 de
3300 3970 3377 4015 re
3418 3954 3686 4035 poetica
3730 3954 3846 4018 111.

1260 4101 1277 4118 κ
1355 4072 1463 4137 84.
1534 4070 1653 4130 ita
1688 4069 1980 4130 fabulam
2008 4085 2409 4158 exponens·
2471 4066 2780 4125 narratio
2839 4063 2999 4125 ficta
3056 4059 3168 4126 do
3198 4083 3274 4126 re
3332 4067 3643 4150 quapiam
3700 4084 3854 4130 cum

1356 4177 1825 4244 adtributione
1885 4176 2155 4248 πάθους
2192 4185 2316 4249 aut
2358 4171 2603 4253 ἤθους,
2656 4174 2771 4237 vel
2816 4195 2968 4238 cum
3009 4180 3354 4262 oratione,
3408 4180 3522 4244 vel
3563 4181 3710 4247 sine
3754 4197 3855 4262 ea,

1355 4296 1438 4352 ut
1473 4287 1561 4352 ad
1602 4290 1895 4354 humana
1940 4285 2284 4362 commoda
2323 4283 2608 4370 aliquid·
2632 4305 2716 4350 ex
2757 4304 2841 4351 ea
2883 4285 3306 4379 designetur.
