4406 5288
1781 643 1937 738 ·§·
2045 652 2226 731 595.

814 775 1303 869 Praeceptum
1354 793 1532 845 vero
1581 774 1773 879 illud
1828 774 1920 845 de
1971 792 2265 859 summa
2336 767 2735 863 parabolae
2775 767 3083 842 notione
3137 739 3420 864 ubidue

544 912 557 919 ’
613 901 1065 973 observanda
1126 900 1474 994 inprimis
1537 901 1619 971 in
1689 882 2159 994 singularum
2235 896 2568 990 partium
2639 894 3131 985 explicatione
3204 896 3429 969 adhi.

494 1036 500 1049 ·
612 1025 944 1136 bendurri
1008 1042 1160 1118 est,
1223 1041 1470 1122 partes
1548 1027 1778 1099 modo
1842 1040 2021 1097 sunt
2090 1022 2523 1118 parabolae,
2606 1019 2811 1090 unde
2861 1019 2989 1089 fid
3070 1024 3420 1112 eundem,

602 1176 842 1243 quem
897 1156 1233 1225 universa
1284 1154 1632 1248 parabola
1684 1154 2116 1245 exsequitur
2162 1153 2421 1235 finem,
2475 1149 2898 1239 conspirent
2950 1170 3241 1241 necesse
3291 1166 3421 1233 est,

614 1300 867 1371 neque
915 1300 1054 1372 per
1115 1279 1407 1374 aliquid
1458 1278 1725 1379 docere
1791 1274 2121 1373 possunt.
2223 1274 2570 1348 Vidimus
2630 1298 2893 1366 supra,
2967 1274 3171 1344 haud
3241 1276 3422 1349 ulti-

612 1425 818 1471 mam
886 1406 1285 1496 parabolae
1346 1406 1707 1513 virtutem
1771 1407 1851 1475 in
1926 1404 2365 1477 narratione
2436 1423 2587 1470 esse
2652 1399 3087 1493 ponendam
3162 1386 3421 1475 rerum

612 1545 1001 1623 gestarum
1059 1535 1403 1606 relationi
1475 1558 1704 1627 quam
1767 1532 2173 1602 simillima.
2276 1527 2547 1596 Omnia
2610 1547 2828 1621 ergn,
2845 1522 3166 1618 quibus
3230 1548 3421 1599 ιιοιι-

608 1654 761 1723 'nisi
812 1657 924 1727 rei
969 1674 1218 1754 gestae
1265 1661 1685 1732 similitudo
1739 1659 2180 1742 exhibetur,
2243 1655 2308 1725 si
2373 1676 2508 1746 per
2555 1675 2632 1722 se
2690 1653 2919 1726 etiam
2964 1654 3075 1760 'in
3126 1678 3422 1750 compa·

614 1781 990 1854 rationem
1068 1786 1569 1873 adhibentur,
1655 1789 1847 1857 alius
1912 1786 2299 1857 inducitur
2358 1784 2684 1876 insuper*
2754 1784 3151 1874 parabolae
3233 1785 3424 1873 finis,

492 1934 511 1945 ¹
620 1926 843 1996 quem
916 1908 1074 1999 ipse
1144 1921 1402 1979 auctor
1463 1931 1621 1993 ιιοιι
1686 1923 1983 1980 secutus
2037 1923 2167 1981 est.
2267 1909 2570 1980 Habent
2621 1931 2880 1982 omnes
2934 1911 3017 1979 in
3069 1909 3417 2001 parabola

615 2045 998 2113 enarratae
1051 2051 1168 2102 res
1216 2054 1429 2107 suam
1482 2033 1793 2125 quidem
1845 2036 2044 2127 vim,
2112 2037 2544 2145 conspirant
2589 2039 2701 2107 uti
2751 2038 2835 2111 in
2881 2038 3099 2130 pictis
3148 2038 3421 2108 tabulis

614 2159 907 2255 singula
976 2162 1431 2235 lineamenta
1503 2157 1598 2227 ad
1656 2138 2163 2235 exhibendam
2223 2169 2454 2236 totius
2515 2166 2867 2261 imaginis
2940 2164 3420 2249 effictionem.
3473 2170 3480 2177 '

615 2286 840 2370 unde,
904 2286 1015 2357 nil
1071 2286 1343 2379 frigere
1394 2285 1476 2352 in
1523 2286 1926 2377 parabolis,
1991 2287 2426 2361 Petersenio
2476 2290 2608 2378 72)
2661 2290 3178 2362 lubentissime
3250 2314 3420 2360 con·
3495 2366 3502 2367 ι

623 2412 989 2496 cedimus3
1028 2411 1319 2507 singula
1363 2422 1537 2482 vero
1585 2412 1812 2495 etiam
1869 2411 2131 2483 cadere
2181 2412 2261 2483 in
2309 2410 2934 2503 comparationem
2998 2413 3218 2504 plane
3250 2436 3423 2491 cum

620 2538 958 2636 pluribus
1010 2535 1130 2624 73)
1203 2558 1590 2631 negamus,
1733 2539 1876 2606 Ubi
1947 2537 2406 2613 adhibentur
2484 2539 2565 2607 in
2633 2538 3001 2630 parabolis
3065 2560 3423 2631 personae
3515 2594 3528 2609 .

570 2743 579 2753 κ
619 2677 972 2758 agentes,
1025 2666 1192 2753 jure
1237 2685 1372 2734 suo
1420 2664 1708 2757 optimo
1762 2681 2036 2761 agunt,
2110 2689 2456 2760 quaeque
2505 2664 2773 2737 exinde
2822 2679 3135 2760 apparet
3184 2669 3419 2755 notio,

617 2763 822 2864 h⁸aud
894 2792 1120 2864 dubie
1186 2792 1271 2861 in
1352 2778 1980 2886 comparationem
2047 2795 2283 2890 cadit,
2343 2794 2519 2889 ipsis
2588 2816 2782 2866 vero-
2825 2795 3156 2891 personis
3217 2796 3423 2866 nulla

665 3009 760 3027 v·—

608 3143 617 3148 ’
702 3148 787 3216 ’72
805 3119 845 3219 )’
918 3143 1235 3251 ξειοιεειι
1282 3103 1393 3222 die
1436 3109 1866 3209 Gleichnisse
1913 3139 2027 3206 des
2065 3140 2326 3203 'Hert-ri.
2418 3109 2794 3226 Hambffl'ss'n
2821 3145 3015 3208 1712·

672 3331 837 3418 73)
925 3327 1578 3419 Conf.'1'ertullian.
1637 3332 1822 3418 apud
1858 3331 2149 3398 Semler.
2216 3331 2401 3398 anth.
2453 3332 2944 3430 hermeneutic.
2995 3351 3078 3400 ex
3118 3311 3414 3396 Tertull.

804 3485 819 3496 κ
919 3447 1112 3530 Spec.
1181 3447 1232 3512 1.
1294 3470 1358 3532 p.
1420 3455 1527 3519 27.
1629 3445 2093 3527 Chrysostom.
2166 3442 2400 3510 homil.
2459 3441 2643 3512 XIV.
2719 3446 2791 3528 in
2853 3442 3103 3509 Matth.
3173 3439 3415 3508 Isidor.

921 3561 1244 3626 Pelusiot.
1325 3564 1519 3645 epist.
1571 3558 1788 3638 cvll,
1855 3553 2169 3622 CLXXV
2221 3563 2289 3620 et
2335 3551 2722 3620 CCLXVII.
2790 3552 3084 3618 Basilius
3128 3551 3419 3647 Magnus

927 3690 1071 3766 reg.
1131 3665 1321 3742 brev.
1383 3671 1667 3744 CCLIV.
1725 3653 2214 3758 Theophylact.
2281 3666 2353 3723 in
2420 3681 2560 3752 cap.
2606 3660 2728 3722 111.
2790 3661 2983 3732 Joan.
3047 3681 3189 3748 cap.
3236 3662 3417 3733 XVI

890 3779 1207 3841 ='Luther.
1256 3780 1440 3862 lOpp.
1508 3778 1694 3840 XIII.
1762 3798 1824 3868 p.
1886 3781 2036 3843 387.
2125 3773 2351 3834 Bucer
2415 3780 2740 3834 enarratt.
2807 3775 2879 3832 in
2949 3772 3198 3836 Matth.
3267 3769 3418 3846 XX,

804 3867 811 3874 ’
922 3886 1154 3978 ΧΧΠ,
1218 3887 1450 3973 xxv,
1516 3889 1685 3968 rme.
1731 3885 1914 3947 xv1.
2005 3883 2250 3947 oauxt.
2298 3884 2345 3945 ι.
2391 3885 2437 3946 ι.
2504 3905 2573 3966 p.
2623 3889 2791 3954 186.·
2862 3882 3223 3946 Turreno.
3273 3880 3318 3942 1.
3369 3880 3414 3942 1.
3469 3943 3472 3950 ,

920 4016 984 4076 p·
1032 4002 1161 4065 262
1205 4019 1346 4081 sqq.
1400 4002 1561 4063 148.
1636 3997 1911 4057 Ernesti
1955 3996 2284 4056 institutt.
2334 3995 2693 4075 interpret.
2737 3993 2791 4057 1.
2851 4014 2916 4075 p.
2967 3999 3072 4059 11.
3163 3991 3419 4053 Zacha-

919 4106 1063 4172 riae
1121 4108 1519 4197 Einleitung
1580 4107 1650 4166 in
1716 4104 1824 4168 die
1880 4104 2386 4188 Aualegekunst
2443 4103 2568 4178 der
2624 4105 2786 4170 heil.
2844 4103 3127 4200 Schrift.
3193 4122 3259 4192 p.
3307 4109 3413 4171 65.

846 4191 851 4196 ’
922 4211 1148 4282 Bauer
1186 4214 1271 4278 ad
1298 4205 1568 4350 Glaesii
1613 4211 1853 4302 philol.
1900 4232 2069 4276 sacr.
2122 4209 2209 4275 11.
2257 4219 2411 4281 228

2910 4362 3007 4433 10
