4406 5288
1840 429 1915 469 ‘·
2057 426 2451 519 0-,76
2565 469 2740 503 -y

945 692 962 703 ·
998 671 1145 744 que
1190 662 1299 717 est
1350 640 1830 739 spectandus?
1884 664 2037 714 non
2082 628 2306 717 video
2347 661 2639 736 tamen,
2683 670 2817 719 cur
2861 646 3137 721 oratori
3186 669 3347 718 non
3385 646 3643 737 liceat,
3693 671 3788 721 ex

998 776 1156 846 aliis
1202 774 1431 843 etiam
1486 772 1879 865 parabolae
1934 773 2266 863 partibus
2317 776 2710 865 materiem
2763 775 2904 845 sibi
2953 796 3256 844 sumere
3295 776 3544 845 minus
3589 791 3788 847 arcte

802 978 810 999 .
920 998 927 1001 ι
998 903 1093 973 ad
1144 922 1519 971 summam
1567 898 1791 969 illam
1834 895 2081 965 ideam
2131 892 2611 990 spectantem.
2712 902 3016 970 Etenim
3060 902 3145 988 si,
3196 901 3310 971 uti
3356 904 3583 975 totius
3638 886 3792 974 cul-

998 1046 1121 1099 tus
1156 1025 1680 1109 ‘ecclesiastich
1732 1025 1835 1093 ita
1891 1037 1968 1090 et
2017 1027 2456 1095 concionum
2509 1009 2876 1097 sacrarum
2905 1029 3222 1094 'su‘mma
3265 1042 3377 1096 est
3416 1031 3657 1116 notio,
3710 1048 3795 1102 ut

1002 1157 1236 1228 homo
1289 1158 1496 1228 cultu
1553 1136 1699 1224 De'i
1747 1154 2019 1237 morali
2079 1154 2173 1241 ad
2238 1130 2632 1250 religionis.
2666 1152 3146 1247 Christianae!
3190 1153 3555 1224 rationem
3614 1142 3790 1229 con·

902 1288 919 1296 “
998 1285 1355 1381 formato,
1409 1283 1582 1371 ,fini
1621 1281 1744 1350 cui
1809 1280 2216 1349 destinatus
2291 1294 2435 1365 est,
2506 1281 2754 1374 aptior
2816 1262 3219 1355 'reddaturt
3294 1281 3495 1351 haud
3558 1281 3787 1354 dubie

997 1412 1298 1506 egregio
1359 1405 1537 1478 huic
1599 1405 1903 1475 consilio
1968 1405 2059 1473 ab
2126 1405 2372 1475 omni·
2412 1422 2627 1501 parte
2706 1407 3164 1478 studendum
3225 1410 3422 1478 erits
3508 1409 3785 1502 Quodsi
3871 1462 3876 1467 ·

999 1560 1177 1632 ergo
1254 1538 1477 1630 paulo
1552 1531 1799 1603 latiori
1880 1532 2399 1623 parabolarum
2485 1525 3112 1629 interpretatione
3204 1538 3461 1633 augeri
3512 1518 3789 1629 'potest

992 1665 1424 1735 auditorum
1484 1661 1564 1729 in
1608 1657 2062 1728 res=divinas
2111 1660 2652 1755 intelligentia,
2705 1667 3148 1759 animusque
3192 1661 3489 1735 virtutis
3538 1664 3787 1736 studio

900 1804 905 1815 ‘
984 1787 1493 1861 inflammari:
1561 1798 1738 1853 sunt
1808 1783 2135 1876 profecto
2190 1791 2450 1859 om'nes
2499 1792 2708 1864 'hanc
2762 1813 2928 1862 rem
2976 1793 3415 1880 adjuvantes
3467 1791 3787 1863 rationes

998 1920 1209 1991 nobis
1261 1907 1751 1989 adhibendae.

1202 2046 1505 2117 Accedit
1558 2042 1802 2112 aliud:
1874 2042 2228 2132 quoniam
2272 2044 2474 2111 enim
2522 2045 2788 2133 cuique
2837 2044 3158 2116 orationi
3202 2067 3487 2131 sacrae,
3536 2045 3793 2140 singu:
3831 2070 3841 2077 ·

999 2176 1092 2245 lis
1161 2174 1421 2251 diebus
1481 2169 1632 2237 sive
1694 2166 1895 2234 festis
1955 2166 2108 2232 sive
2183 2166 2573 2234 dominicis
2645 2167 3080 2253 habendae,
3163 2150 3651 2260 praescripta‘
3683 2184 3793 2239 est

886 2304 891 2311 '
1000 2298 1196 2369 certa
1259 2282 1629 2389 quaedam
1697 2291 1888 2361 Novi
1939 2293 2028 2360 Τ.
2093 2271 2452 2385 πἐρικοπὴς
2513 2293 2725 2361 otnni
2784 2295 3073 2362 ratione
3133 2316 3223 2363 eo
3295 2292 3793 2371 adnitendum

1000 2426 1333 2509 videtur,
1407 2436 1492 2492 ut
1553 2443 1644 2497 ex
1694 2417 1840 2487 illis
1883 2417 2092 2501 locis,
2160 2416 2520 2529 quamdiu
2568 2417 2915 2487 ecclesiae
2971 2418 3411 2512 anctoritate
3454 2422 3792 2517 sanciun-

936 2534 1163 2638 stur,
1250 2543 1731 2620 concionandi
1806 2544 2166 2621 materiae
2236 2560 2597 2612 eruantur
2672 2557 2750 2612 et
2820 2567 3056 2616 novae
3124 2570 3356 2635 usque
3421 2564 3498 2615 et
3550 2563 3791 2639 aptae.

1005 2676 1283 2769 Quodsi
1331 2698 1505 2745 vero
1558 2673 1821 2742 eadem
1892 2672 2226 2763 parabola
2285 2673 2675 2763 quotannis
2727 2696 2820 2743 ex
2879 2675 3515 2767 interpretationis
3568 2700 3791 2778 supra

1004 2793 1270 2871 allatae
1331 2800 1611 2894 regulis
1669 2813 1857 2868 esset
1914 2799 2386 2891 explicanda:
2457 2802 2673 2870 fieret
2726 2799 2926 2870 haud
2978 2802 3237 2890 dubie,
3311 2819 3397 2871 ut
3453 2825 3542 2871 ex
3597 2809 3790 2891 ejus-

1002 2928 1180 2997 dem
1265 2950 1556 2999 summa
1629 2921 1934 2997 notione
1998 2927 2137 2995 *res
2215 2927 2476 2996 eadem
2556 2928 2871 3023 singulis
2945 2929 3158 2998 annis
3235 2906 3789 3021 recoqueretur.

938 3028 947 3043 ⁹
1008 3057 1174 3148 Qua
1218 3078 1340 3142 re,
1391 3069 1478 3124 ut
1528 3054 1877 3124 omittam
1931 3054 2356 3123 molestiam
2396 3057 3035 3126 concionatoribus
3087 3055 3352 3126 exinde
3404 3058 3791 3144 orituram,

1007 3182 1442 3255 auditorum
1494 3180 1886 3255 commodo
1938 3202 2207 3273 parum
2254 3194 2442 3250 esset
2486 3184 2888 3274 provisum.
2992 3182 3208 3252 Unde
3258 3187 3408 3269 iarn
3463 3199 3797 3255 constare

1011 3310 1373 3398 arbitror,
1441 3311 1717 3388 oratori
1786 3331 1986 3378 sacro
2061 3309 2406 3397 latiorem
2477 3308 3036 3379 concedendum
3089 3332 3241 3380 esse
3292 3309 3798 3404 explicationis

1012 3456 1362 3530 campum
1416 3438 1514 3510 ad
1545 3429 1778 3535 'vulgi
1830 3459 2048 3507 usum
2100 3436 2624 3534 conformatae.
3033 3437 3040 3443 ’

2245 3656 2319 3754 S.
2420 3670 2538 3745 62.

1220 3819 1466 3910 Atque
1539 3797 1870 3915 primum
1930 3822 2233 3916 quidem
2303 3844 2398 3892 ex
2437 3775 2727 3909 ‘majori
2772 3817 2929 3928 ⁴hat:
2980 3815 3517 3912 interpretandi
3568 3817 3796 3892 facul·

1020 3950 1175 4014 tate
1230 3949 1543 4022 minime
1597 3965 1850 4021 tamen
1920 3952 2060 4044 ipsi
2132 3949 2391 4020 licebit
2455 3946 2813 4018 adhibere
2877 3947 3261 4039 mysticam
3316 3946 3528 4016 illam
3583 3970 3799 4040 supra

1022 4067 1177 4154 iarn
1226 4071 1579 4162 re'jectam
1624 4079 2223 4170 explicationem,
2275 4101 2418 4170 qua
2461 4077 2776 4171 singulis
2818 4077 3056 4146 verbis
3097 4065 3393 4143 sensum
3435 4092 3804 4169 supponat

1023 4196 1243 4289 plane
1302 4200 1393 4269 ab
1456 4206 1769 4275 auctoris
1818 4205 2122 4298 consilio
2174 4205 2533 4276 alienum.
2588 4204 2891 4294 Neque
2960 4224 3143 4298 ergo
3212 4204 3630 4274 orationem
3696 4217 3803 4271 sa-
