4406 5288
590 664 1006 768 deserentes
1075 678 1317 752 ideam
1382 680 1777 773 parabolae
1847 679 2283 775 primariam
2346 678 2545 767 iusto
2613 669 2917 786 obnoxii
2977 669 3369 742 videamur

584 824 884 912 ineptae
938 807 1447 903 explicationis
1505 807 1841 897 crimini3
1911 804 2343 877 defenditur
2385 817 2704 893 utraque
2764 796 3160 892 explicati&
3212 821 3414 907 ⁵9⁰2,

595 971 745 1039 quo
795 939 1218 1021 adhibetur,
1270 933 1610 1005 consilio:
1665 956 1841 1004 nam
1886 935 2480 1005 hermeneutices
2524 930 2808 1025 regulis
2859 929 3122 1021 populi
3176 950 3372 996 com-

594 1073 899 1145 modum
955 1088 1108 1136 non
1154 1061 1588 1149 adjuvatur,
1657 1046 1938 1156 quippe
1997 1063 2130 1154 qui
2195 1061 2372 1133 artis
2438 1046 2743 1154 regulas‘
2786 1080 3055 1152 parum
3108 1075 3371 1123 curans

594 1201 685 1270 ad
740 1174 1133 1267 moralem'
1147 1186 1297 1277 Dei
1347 1186 1635 1256 cultum
1685 1186 2233 1280 promovendus
2277 1184 2593 1257 videtur.
3003 1166 3018 1179 ’

1549 1686 2132 1777 SECTIO
2246 1688 2470 1775 111.·

672 1890 791 1964 De
843 1910 986 1962 usu
1028 1887 1562 1980 parabolarum
1607 1884 1794 1958 Jesa
1847 1885 2146 1961 Christi
2194 1888 2275 1960 in
2316 1910 2729 1985 puerorum
2784 1886 3290 1985 institutione.

1837 2297 1911 2393 §-
2013 2311 2140 2387 64:
2239 2302 2242 2305 ’

801 2461 1057 2529 Restat
1122 2472 1209 2527 ut
1260 2466 1636 2550 postremo
1683 2456 2141 2552 Amplissimi
2193 2458 2493 2532 Ordinis
2552 2463 2784 2553 jussui
2833 2464 3387 2553 satisfaciamus,

606 2584 1167 2687 praecipientia,
1231 2598 1318 2655 ut
1350 2583 1457 2654 ‘de
1501 2585 1865 2680 parabolis
1915 2603 2115 2662 recte
2180 2590 2263 2660 in
2316 2591 2546 2662 animi
2606 2572 3385 2687 puerilis'institutio-
3497 2590 3504 2595 ’
3621 2663 3638 2674 ,

610 2743 784 2791 nem
836 2713 1273 2817 adhibendis
1335 2714 1921 2812 subjungantur
1961 2718 2507 2820 observationes
2575 2720 3032 2818 praecipuae.
3139 2720 3388 2790 Primo

609 2847 1018 2932 enitnloco
1072 2859 1149 2913 et
1199 2847 1614 2932 juventutis
1687 2867 1842 2915 esse
1915 2844 2464 2938 respiciendum
2538 2847 3059 2934 commodum,
3116 2848 3393 2919 Christi

610 2976 851 3049 omnis
892 2974 1279 3069 disciplina
1329 2977 1703 3070 postulare
1744 2974 2061 3044 videtur.
2122 2949 2410 3065 'Atque
2455 2972 2971 3059 commodum,
3048 2977 3245 3064 quod
3313 2980 3389 3045 in

611 3125 1017 3198 puerorum
1089 3102 1562 3173 institutione
1624 3102 1737 3172 ex'
1789 3100 2150 3193 parabolis
2200 3099 2611 3194 percipitur
2673 3125 2837 3169 cum
2889 3099 2965 3170 in
3015 3125 3232 3170 omne
3290 3107 3389 3171 fa·

611 3234 827 3304 bulae
888 3229 1424 3324 parabolaeque
1493 3249 1728 3326 genus
1788 3230 2146 3321 quadrat,
2229 3246 2392 3301 tum
2456 3232 2732 3302 Christi
2809 3231 3166 3326 parabolis
3225 3259 3387 3325 pro-

524 3373 531 3376 “
609 3355 859 3455 priurn
911 3373 1042 3431 est.
1300 3359 1311 3364 ⁴
3119 3447 3126 3450 μ

813 3492 871 3560 Ῑ.
971 3490 1223 3579 Atque
1291 3488 1620 3579 primum
1682 3482 1989 3579 quidem
2054 3485 2256 3558 haud
2315 3489 2661 3585 exiguam
2731 3511 2816 3558 ex
2883 3475 3190 3558 fabessis‘
3245 3493 3394 3582 peti

612 3642 830 3716 posse
879 3616 977 3688 ad
1026 3615 1573 3688 instituendum
1629 3616 1981 3690 animum·
2028 3615 2399 3710 puerilem
2454 3618 2884 3702 utilitatem,
2938 3621 3083 3704 jam
3133 3621 3397 3692 exinde

610 3745 1090 3844 perspicitur,
1166 3742 1365 3833 quod
1440 3757 1727 3813 veteres
1809 3746 2176 3815 Rhetores
2244 3747 2321 3815 in
2382 3747 2477 3816 iis
2536 3761 2612 3815 et
2661 3745 3123 3815 inveniendis
3169 3765 3242 3813 et
3288 3761 3399 3814 se:

614 3875 940 3946 cundum
993 3886 1224 3948 certas
1276 3873 1569 3968 regulas
1635 3871 2091 3966 explicandis
2164 3894 2438 3968 magno
2509 3894 2676 3941 cum
2743 3873 2990 3942 fructu
3059 3893 3412 3940 exercuess

613 3980 793 4071 ru'nt
856 3999 1392 4093 discipulorum
1462 4001 1758 4116 ingenia
1816 3998 1985 4092 ⁷⁵).¹
2084 3999 2232 4092 Qui
2298 4021 2477 4095 ergo
2542 4014 2616 4070 et
2671 4000 2941 4071 Christi
3017 4001 3400 4090 parabolas

582 4312 587 4320 .
698 4258 826 4332 75)
911 4255 1735 4337 Quinctilian.·institutt.
1785 4264 1984 4319 oratt.
2032 4256 2081 4316 1.
2129 4261 2189 4324 9.
