4406 5288
1755 369 2107 525 ...f75
2219 456 2337 485 ..-

634 651 872 744 ‘plane
922 643 1215 737 ineptae
1263 622 2143 736 interpretationisest?‘
2215 641 2364 712 Ubi
2429 651 2672 711 certus
2718 640 3265 730 cujusdamrei
3318 649 3446 722 ad-

643 774 887 855 fertur
936 792 1337 858 numerus,
1394 769 1472 840 id
1525 770 2056 842 tantummodo
2098 769 2192 840 ad
2239 768 2732 841 exhibendam
2765 771 2892 855 ⁴rei
2943 787 3209 866 gestae.
3237 777 3442 849 simi-

641 895 1049 969 litudinem
1116 896 1281 967 fieri
1340 918 1561 990 supra
1635 900 1789 985 jam
1854 896 2210 983 vidimus;
2283 896 2370 965 in
2436 894 2769 963 numeris
2831 917 3012 990 ergo
3086 906 3440 996 argutari,

630 1022 874 1115 iisque
926 1022 1373 1117 peculiarem
1411 1020 1785 1115 quandam
1825 1022 2202 1096 inculcare
2249 1021 2662 1106 notionem,
2708 1042 2962 1123 nonne
3008 1023 3442 1121 interpretis

632 1162 785 1236 est,
838 1172 1059 1241 quem
1107 1149 1334 1242 plane
1374 1149 1576 1245 fugit
1628 1152 2027 1243 parabolae
2074 1146 2425 1221 indoles‘?
2526 1145 2741 1215 Unde
2802 1144 3205 1236 rejicienda
3265 1173 3440 1228 sunt

631 1298 891 1346 eorum
958 1277 1392 1368 conamina,
1465 1280 1596 1369 qui
1653 1282 1816 1373 pari
1882 1279 2260 1374 virginum
2321 1272 2860 1368 prudentium
2889 1296 2974 1343 ac
3048 1299 3434 1352 morarum

630 1422 953 1472 numero
1002 1403 1314 1475 indicari
1360 1420 1763 1478 autumant
1812 1430 2072 1502 parem
2141 1401 2462 1474 inveniri
2517 1401 2594 1469 in
2670 1399 2954 1470 mundo
3024 1405 3431 1494 proborum

633 1540 715 1593 et
782 1526 1305 1622 improborum
1368 1533 1695 1624 copiam3
1751 1533 1970 1626 plane
2037 1528 2485 1620 rejiciendae
2546 1547 2809 1595 eorum
2871 1526 3428 1621 interpretatio·

626 1656 803 1741 fiee,
870 1655 1002 1745 qui
1072 1679 1164 1727 ex
1225 1658 1404 1730 Luc.
1448 1660 1644 1729 XIX.
1693 1671 1762 1742 1.
1829 1670 2068 1751 quum
2122 1655 2382 1726 fideles
2435 1652 2585 1725 duo
2629 1652 2781 1721 sint
2822 1653 3048 1739 servi,
3119 1656 3430 1749 ignavus

629 1790 856 1865 unus,
925 1758 1174 1853 doceri
1234 1778 1734 1872 arbitrantur,
1817 1784 2199 1877 improbos
2258 1805 2303 1852 a
2360 1779 2612 1887 probie
2679 1800 3004 1848 numero
3064 1787 3424 1872 superari.

620 1903 718 1971 At
793 1907 950 1991 jam
1032 1908 1317 1998 taedet,
1422 1912 1655 1981 fusius
1738 1911 2085 2005 persequi
2168 1911 2678 1999 interpretum
2751 1904 3173 1998 ineptias,
3293 1915 3423 2003 qui

620 2031 1055 2123 primariam
1109 2038 1351 2115 omnis
1412 2038 2016 2110 hermeneutices
2086 2037 2182 2108 de
2258 2056 2547 2105 summa
2604 2033 2913 2103 notione
2968 2034 3419 2109 observanda

616 2161 964 2255 regulam
1016 2184 1290 2253 parum
1340 2164 1596 2248 secuti,
1653 2165 2235 2256 typologiaeque
2286 2163 2658 2233 erroribus
2705 2163 3008 2234 obducti
3064 2187 3212 2236 non
3266 2183 3416 2241 tam

620 2285 1143 2376 explicuerunt
1216 2288 1615 2382 parabolae
1683 2308 1979 2357 sensum
2016 2329 2038 2371 ,
2117 2307 2342 2376 quam
2417 2284 2663 2355 eidem
2734 2289 3210 2361 inculcarunt
3292 2321 3418 2368 sua

610 2411 918 2490 somnia.

1541 2887 2178 3030 SECTIO
2253 2891 2480 3011 Π.-

1372 3082 1494 3156 De
1559 3087 2191 3183 interpretatione
2258 3089 2632 3184 populari.

1851 3529 1922 3624 §-
2029 3544 2150 3617 61·

794 3683 1119 3779 Quando
1171 3686 1250 3756 in
1307 3686 1522 3783 vulgi
1574 3710 1795 3757 unum
1849 3683 2397 3757 convertendae
2441 3698 2616 3754 sunt
2671 3684 3091 3777 parabolae,
3141 3685 3395 3757 minus

606 3813 819 3881 arctis
864 3815 1291 3884 continetur
1342 3817 1859 3911 interpretatio
1906 3814 2315 3900 limitibuS,
2390 3833 2611 3903 quam
2682 3812 2811 3882 ubi
2880 3813 3394 3885 hermeneuti·

609 3957 724 4005 ces
790 3944 1065 4035 regulis
1145 3943 1496 4031 fulcitur,
1594 3915 1984 4036 propterea
2050 3939 2256 4032 quod
2333 3936 2426 4008 ad
2506 3960 2723 4010 usum
2802 3963 2990 4031 quae
3058 3951 3392 4030 spectant

603 4075 1076 4159 summopere
1145 4072 1235 4141 ab
1294 4073 1505 4142 omni
1571 4085 1785 4163 parte
1855 4066 2276 4162 arripienda
2339 4080 2529 4135 sunt.
2644 4064 3135 4160 Quantumvis
3210 4086 3390 4160 ergo

602 4188 682 4254 in
736 4193 1091 4267 concione
1148 4224 1347 4273 sacra
1401 4206 1760 4295 cujusque
1815 4196 2199 4294 parabolae
2265 4193 2869 4287 finis-primarius
2917 4206 2991 4261 et
3033 4192 3188 4284 ipse
3244 4173 3386 4265 uti-

2805 4343 2961 4425 10*
3062 4380 3066 4384 .
