4406 5288
602 694 866 766 facere.
994 692 1348 760 Attamen
1441 646 1928 765 imminuitur
2012 693 2367 766 nonnihil
2442 688 2538 765 >aa
2621 694 3029 792 mitigatur
3087 715 3405 795 terror,

598 842 829 915 quem
903 829 1116 887 tanta
1186 814 1619 888 notionum·
1659 818 1892 890 nubes
1962 822 2309 917 infligere
2377 820 2595 913 nobis
2670 839 2938 916 posset.
3094 822 3446 905 Etenim*

596 970 836 1043 quum
888 942 1356 1039 parabolicae
1404 946 1888 1035 narrationes,
1936 948 2032 1022 ad
2082 950 2400 1022 modum
2447 952 2904 1024 Graecorum
2960 951 3179 1045 λόγων
3224 982 3396 1030 eon-

586 1077 955 1147 formatae
1005 1094 1383 1151 summam
1432 1075 1878 1148 contineant
1939 1092 2021 1149 et
2088 1077 2596 1172 componendi
2660 1077 2902 1153 artem
2972 1097 3050 1151 et
3099 1085 3252 1177 vim
3303 1085 3401 1156 ad

587 1182 962 1275 au'ditores
1020 1199 1470 1274 movendos:
1537 1204 2022 1294 factumest,
2097 1223 2182 1280 ut
2232 1206 2374 1281 κατ’
2422 1208 2650 1301 ἐξοχὴν
2693 1213 3092 1305 parabolae
3141 1213 3400 1309 appel·

580 1304 943 1402 larentur.
1042 1327 1268 1398 Unda
1316 1327 1411 1399 d'e
1460 1309 1735 1404 Christi
1801 1337 2177 1431 parabolis
2232 1343 2618 1434 quaerenti
2688 1347 2988 1416 nonnisi
3042 1348 3186 1418 hae
3229 1368 3395 1422 nar

585 1462 912 1531 rationes
962 1454 1392 1527 tractandae
1441 1457 1813 1533 videntur.
1917 1467 2198 1537 Omnes
2245 1492 2431 1565 ergo
2481 1471 2845 1551 dictiones
2906 1480 3394 1571 comparandi

545 1592 792 1679 'vim,
822 1589 1195 1697 adeoque
1244 1605 1322 1661 et
1371 1612 1672 1665 sensum
1728 1582 2239 1686 parabolicum
2295 1600 2808 1688 continentes,
2882 1625 3024 1674 nec
3085 1621 3396 1685 tractare
3440 1588 3456 1665 ζ

587 1720 1007 1802 voluimus,
1070 1739 1314 1810 neque
1387 1721 1613 1789 etiam
1668 1722 2095 1803 volentibus
2166 1750 2302 1820 per
2366 1726 2639 1800 harum
2707 1731 3228 1829 plagularum
3260 1764 3392 1811 an-

584 1844 865 1959 gustias
917 1843 1267 1915 licuisset.
1370 1844 1571 1916 Nam
1623 1845 1687 1917 si
1732 1850 1985 1920 omnia
2037 1853 2219 1923 scite
2271 1858 2747 1950 graviterque
2802 1863 2972 1929 Jesu
3025 1864 3221 1934 dicta
3275 1868 3393 1937 in—

521 1956 531 1961 ⁷
582 1973 1016 2064 terpretari,
1065 1973 1219 2043 sive
1271 1966 1435 2046 loha
1489 1966 1912 2049 obscuriora
1964 1993 2315 2055 excutere
2358 1982 2772 2057 vellemus,
2825 1987 3041 2059 citius
3095 2005 3392 2089 tempus

586 2122 810 2191 quam
868 2102 1173 2171 materia
1227 2098 1543 2176 deesset.
1596 2106 1801 2213 unde
1853 2106 2066 2177 nobis
2119 2121 2304 2179 tuno
2351 2124 2541 2179 esset
2595 2111 2952 2203 initium,
2999 2119 3135 2189 ubi
3179 2124 3393 2199 finis?

578 2230 788 2321 Quae
839 2229 1044 2298 enim
1099 2229 1439 2300 Christus
1513 2201 1808 2324 praeter
1872 2234 2207 2330 graviter
2275 2237 2470 2308 dicta
2526 2243 2954 2332 protulerit,
3034 2251 3389 2342 equidem

582 2380 735 2425 non
791 2355 1136 2434 inveni03
1207 2369 1387 2418 sunt
1437 2377 1698 2420 omnes
1749 2362 1915 2440 ejus
1966 2383 2342 2429 sermones
2405 2380 2610 2434 tanta
2666 2373 3036 2459 gravitate
3097 2346 3420 2471 conspi-⁸

580 2480 728 2565 cui,
779 2492 864 2547 ut
918 2492 992 2545 :1
965 2477 1145 2581 ξιξη
1198 2468 1482 2568 'possint
1517 2474 1923 2571 appellari.
2021 2481 2234 2553 Idem
2289 2494 2588 2577 quoque
2640 2511 2939 2563 summe
2983 2496 3386 2576 Venerabi-

579 2606 674 2678 lis
723 2602 1020 2678 Ordinis
1089 2603 1489 2676 auctoritas
1549 2604 1909 2679 indicasse
1959 2608 2296 2698 videtur,
2355 2635 2526 2684 cum
2574 2614 2848 2691 fabulis
2912 2628 3390 2728 coniungens

571 2733 982 2826 parabolas.
1069 2748 1378 2826 possunt
1447 2734 1653 2806 enim
1730 2736 2031 2808 nonnisi
2110 2738 2574 2848 parabolicae
2643 2745 2837 2818 illae
2909 2759 3387 2848 narrationes

568 2858 895 2947 iunctim
961 2883 1143 2933 cum
1170 2862 1470 2935 fabulis
1504 2865 1834 2936 tractari.
1934 2864 2193 2938 Restat
2238 2887 2450 2964 ergo,
2504 2885 2592 2941 ut
2643 2897 2837 2965 quae

1545 3122 1611 3186 3.
1698 3114 2123 3183 Rea-entiores
2178 3115 2425 3186 critici

572 3458 798 3532 super
839 3429 1071 3505 hanc
1089 3457 1253 3510 rem
1306 3338 1899 3570 disputarunn·
1878 3441 2389 3515 examinantes
2446 3446 2674 3538 hujus
2728 3455 2924 3525 vocis
2965 3461 3373 3543 notionem

568 3564 1054 3639 absolvamus.
1155 3568 1404 3659 Atque
1448 3569 1588 3637 hac
1650 3559 1735 3636 in
1804 3569 2250 3660 quaestionis
2302 3587 2512 3665 parte
2574 3580 2847 3651 arctius
2916 3586 3145 3660 etiam
3203 3615 3375 3666 con-

562 3691 948 3791 jungenda
1010 3691 1154 3761 erit
1213 3692 1309 3762 de
1386 3675 1635 3763 fabula
1713 3693 2114 3789 disputatio
2172 3721 2341 3768 cum
2409 3706 2797 3794 parabolae
2861 3719 3382 3808 expositiones

565 3824 670 3894 ita
735 3821 941 3893 enim
1004 3842 1158 3892 non
1227 3822 1471 3892 solum
1541 3825 1808 3894 versati
1875 3840 2099 3895 sunt
2121 3826 2274 3896 VV.
2346 3828 2510 3901 DD.
2579 3858 2844 3909 verum
2929 3846 3152 3916 etiam
3185 3851 3370 3928 fert

565 3947 802 4046 ipsius
851 3949 969 4021 rei
1031 3964 1336 4034 natura,
1401 3964 1486 4019 ut
1531 3949 1762 4024 -alteri
1820 3951 2120 4024 dicendi
2186 3907 2477 4052 formae
2513 3964 2745 4039 altera
2807 3972 3058 4044 lucem
3115 3974 3369 4047 infun·
3433 4023 3436 4026 >
3485 4020 3492 4024 -
3533 4055 3550 4062 ,

865 4213 979 4255 sna
1022 4193 1105 4256 ab
1147 4197 1294 4278 ipsa
1334 4192 1651 4279 parabola
1695 4194 1965 4257 secerni
2005 4197 2282 4279 nequit.-
2338 4198 2503 4283 quid
2543 4206 2725 4268 enIm
2769 4206 2890 4269 illa
2934 4197 3143 4273 v‘erba
3185 4213 3367 4279 indi-

863 4313 1057 4386 eant,
1086 4306 1280 4386 -nisi,
1325 4305 2003 4392 quaerebant‘ipmm
2045 4302 2130 4370 de
2170 4309 2541 4391 parabola?

2842 4453 2956 4538 3*
