4406 5288
1962 412 2664 548 .'.....›J4...

982 676 1205 746 altior
1257 675 1460 745 notio
1510 676 1793 779 subest3
1837 654 2345 769 Samaritanus
2395 705 2459 753 v.
2504 704 2564 753 c.
2612 680 2884 785 misero
2930 678 3197 751 viatori
3240 701 3463 773 opem
3514 682 3784 783 ferens,

989 804 1165 896 quid
1222 817 1513 896 praeter
1564 803 2059 884 misericordis
2110 809 2503 878 notionem
2557 796 2920 902 praebet?
2983 830 3220 899 eaque
3271 808 3426 877 sola
3477 806 3573 876 ad
3621 829 3784 878 rem

987 928 1638 1005 demonstrandam
1696 912 1881 1019 opus
1921 922 2077 1000 ests
2173 933 2322 1022 Qui
2371 957 2550 1004 vero
2615 951 2998 1028 praeterea
3049 936 3186 1004 sub
3253 938 3410 1023 ejus
3460 920 3790 1029 imagine

990 1057 1371 1128 Christum
1436 1053 1937 1138 adumbrari,
2022 1057 2383 1129 miserum
2454 1084 2629 1130 vero
2702 1062 2924 1132 illum
2997 1062 3352 1131 viato‘rem
3421 1032 3794 1130 'Adamum

990 1183 1409 1279 significare
1473 1195 1855 1250 autumate
1942 1203 2195 1252 nonne
2263 1184 2390 1255 hic
2452 1183 2701 1271 τύπους
2772 1189 3181 1279 scripturae
3248 1186 3317 1256 S.
3384 1187 3791 1270 inculcanS,

990 1308 1471 1400 mysticisque
1522 1322 1767 1379 motus
1810 1309 2140 1380 sensibus
2191 1324 2351 1382 toto
2400 1315 2607 1385 coelo
2656 1315 2988 1401 aberasse
3030 1338 3075 1383 a
3137 1313 3447 1384 veritate
3486 1334 3790 1382 censen·
3832 1392 3856 1403 ·

992 1435 1128 1507 dus
1173 1438 1324 1506 est?
1425 1438 1706 1506 Decem
1751 1434 2081 1529 virgines
2130 1437 2498 1509 stultitiae
2572 1456 2648 1511 et
2702 1428 3149 1534 prudentiae
3199 1440 3562 1533 praebent
3610 1438 3797 1507 ima-

996 1564 1294 1657 ginem:
1349 1561 1535 1654 quid
1591 1584 1765 1630 vero
1811 1559 1901 1631 de
1951 1561 2039 1632 iis
2094 1563 2450 1653 dicamus,
2501 1570 2634 1662 qui
2683 1567 3084 1666 significari
3135 1552 3796 1655 earum-exemplo
3901 1546 3908 1549 ³

870 1780 891 1787 Ἦ
998 1688 1256 1758 futura
1303 1687 1651 1758 ecclesiae
1700 1687 1848 1755 fata
1901 1676 2254 1759 censent?
2306 1694 2489 1783 quid
2540 1720 2605 1767 v·
2643 1720 2703 1767 c.
2744 1698 2838 1769 de
2877 1697 3186 1785 Cocceio
3212 1674 3319 1782 ⁷⁴¹)
3366 1707 3801 1787 statuamus,

1000 1815 1130 1905 qui
1173 1816 1588 1887 stultarum
1635 1812 1906 1907 agendi
1952 1816 2324 1888 rationem
2377 1818 2470 1887 ad
2521 1840 2679 1908 eos,
2751 1823 2878 1913 qui
2922 1826 3258 1892 Romana
3300 1835 3500 1888 sacra
3552 1816 3802 1908 ponti-

999 1942 1234 2012 ficalia
1309 1943 1801 2033 profitentur,
1866 1943 2362 2033 prudentium
2430 1946 2521 2015 ad
2597 1971 2858 2019 eorum
2929 1970 3333 2018 numerum
3393 1938 3802 2023 transtulit,

1005 2064 1133 2160 qui
1184 2068 1697 2140 reformarunt
1745 2068 2089 2138 ecclesiae
2142 2068 2665 2160 disciplinam?
2764 2077 3037 2144 Nonne
3105 2074 3211 2142 ita
3282 2064 3803 2164 pessumdatur

1005 2197 1248 2265 omnis
1296 2216 1511 2263 sanae
1563 2192 2209 2283 interpretationis
2260 2195 2504 2279 notio,
2572 2195 2632 2262 si
2687 2202 2750 2265 οἱ
2761 2199 3189 2279 πολοῦντες,
3254 2196 3345 2263 ad
3400 2217 3582 2284 quos
3629 2194 3802 2261 abe·

1001 2334 1142 2390 unt
1187 2341 1439 2439 morae
1489 2319 1814 2412 virgines
1853 2317 2107 2387 oleum
2160 2318 2303 2387 sibi
2348 2335 2958 2411 comparaturae,
3025 2320 3119 2389 de
3171 2320 3515 2390 ecclesiae
3559 2316 3842 2421 ponti-‘⁶

1005 2446 1215 2517 ‘ficiae
1262 2460 1737 2538 exponuntur
1783 2432 2276 2531 doctoribus,
2314 2446 2374 2514 si
2427 2448 2812 2534 lucernae,
2888 2449 3156 2539 quibus
3207 2448 3612 2518 instructae
3654 2448 3803 2515 sin-

1010 2576 1233 2671 gulae
1304 2588 1515 2676 sunt‚
1580 2571 1669 2638 ad
1749 2572 2016 2638 lumen
2090 2571 2479 2644 internum
2553 2577 3039 2668 referuntur,
3135 2600 3282 2671 quo
3346 2576 3807 2648 Christianus

1015 2701 1324 2793 quisque
1375 2698 1789 2769 illuminari
1833 2697 2149 2770 debeat?

3739 2753 3768 2782 Ο

2261 2923 2335 3019 ἓ
2440 2941 2558 3016 60

1216 3085 1304 3154 In
1357 3071 1704 3178 parabola
1756 3071 1854 3154 de
1891 3083 2048 3154 filio
2097 3084 2391 3178 perdito
2437 3086 2776 3183 singulae
2816 3105 2968 3172 res,
3026 3081 3293 3188 quibus
3339 3097 3550 3175 pater
3597 3082 3811 3190 rede-

1015 3211 1219 3281 untis
1271 3212 1411 3281 filii
1462 3211 1784 3281 honorat
1834 3210 2285 3299 adventum,
2351 3235 2561 3282 suam
2636 3212 2944 3305 quidem
3003 3210 3284 3279 habent
3327 3211 3520 3278 vim·
3605 3210 3809 3296 στολὴ

1014 3337 1061 3425 ἡ
1115 3334 1372 3450 πρώτη,
1468 3321 1613 3429 qua
1679 3335 2070 3424 induitur,
2144 3336 2182 3407 6
2247 3335 2599 3424 δάκτυλος,
2669 3365 2813 3433 quo
2889 3361 3153 3410 manus
3233 3351 3632 3423 ornantur,
3703 3333 3814 3407 τὰ

1009 3461 1411 3557 ὑποδήματα
1482 3466 1793 3559 pedibus
1854 3464 2143 3552 addita,
2233 3465 2270 3536 6
2337 3464 2588 3558 μόσχος
2652 3466 2692 3544 6
2766 3467 3092 3550 σιτευτὸς,
3186 3491 3355 3559 quo
3390 3468 3814 3560 epulantur,

984 3569 1202 3683 ‘quid
1252 3593 1457 3666 aliud
1509 3595 1828 3684 indicat,
1896 3595 2039 3666 nisi
2081 3595 2480 3666 laetissime
2539 3619 2580 3664 a
2628 3594 2836 3689 patre
2881 3617 3036 3665 esse
3079 3595 3326 3665 filium
3377 3597 3815 3687 exceptum?

936 3749 945 3810 j
1008 3717 1592 3817 'Singulis'vero
1661 3737 1949 3795 certant
2022 3721 2394 3815 quandam
2475 3719 2749 3792 addere
2817 3711 3256 3807 notionem}
3344 3713 3429 3790 ut
3503 3721 3817 3824 singulis

1022 3850 1398 3942 peculiare
1433 3849 1809 3944 quoddam
1843 3849 1989 3919 Dei
2029 3869 2208 3944 erga
2255 3846 2594 3917 homines
2638 3847 3088 3920 beneficium
3118 3843 3514 3933 indicetur,
3566 3868 3816 3958 nonne

1110 4143 1237 4224 74>
1326 4143 1589 4223 Cocceji
1651 4141 2000 4225 disputatt.
2070 4139 2304 4205 select.
2363 4137 2647 4205 XXXV.
2714 4165 2781 4228 p.
2845 4152 2953 4218 89.
3065 4145 3559 4232 Theophylact,
3622 4121 3814 4205 Com-

1321 4262 1524 4316 ment.
1573 4256 1645 4317 in
1687 4254 1931 4317 Matth.
1978 4250 2131 4313 XX.
2164 4319 2179 4333 δ
