4406 5288
544 368 751 512 ’,τ
1354 556 1373 574 ⁴
1733 442 2335 577 ...23-

634 661 1064 759 ‚Lessingi03
1127 655 1297 729 fieri
1352 677 1530 771 vero
1595 612 1880 757 posse,⁸
1902 676 2014 759 ‘ut
2066 661 2218 735 sive
2280 659 2364 732 in
2420 658 2675 731 fabula
2724 658 2878 731 sive
2938 661 3021 733 in
3083 661 3454 756 parabola„

488 784 495 795 '
620 806 1082 893 quaeratur,
1132 802 1390 859 utrum
1441 792 1782 861 τείνετο
1824 792 1993 879 fiat,
2062 812 2161 861 an
2211 770 2383 860 fieri
2425 785 2654 858 modo
2689 787 2965 881 possit,
3029 789 3252 882 plane
3301 810 3438 862 ne·

617 940 929 1021 gamus.
1014 900 1330 987 'Etenim
1383 896 1548 1006 quis
1592 913 1698 986 ita
1745 917 2095 1010 quaeret?
2145 938 2332 986 num
2387 904 2656 999 auotot·
2686 908 3057 1007 fabulae?
3122 916 3439 990 minime
3479 952 3486 955 ·

647 1046 854 1116 vero!
925 1042 1053 1137 qui
1090 1067 1160 1113 ν.
1209 1063 1271 1113 c.
1320 1042 1816 1115 similitudine
1856 1059 2101 1138 terrae
2164 1059 2381 1115 utens
2442 1042 2787 1146 animum
2840 1064 2994 1114 esse
3045 1041 3440 1119 colendum

650 1174 901 1259 docet,
952 1168 1154 1243 haud
1200 1169 1429 1241 dubie
1479 1192 1638 1241 non
1691 1171 2019 1265 quaerit,
2083 1188 2345 1244 utrum
2392 1195 2563 1245 vere
2606 1176 2784 1264 fiat,
2833 1190 2945 1245 -ut
2988 1190 3187 1245 terra
3240 1173 3443 1245 culta
3535 1152 3576 1175 ³

616 1284 931 1375 ‘fructus
983 1316 1216 1390 creet,
1283 1301 1624 1398 neglecta
1667 1318 1915 1374 sentes
1962 1316 2195 1396 atque
2242 1301 2544 1389 dumos,
2615 1323 2715 1371 an
2764 1301 2868 1372 ita
2916 1299 3444 1375 tautummodo
3503 1392 3514 1407 ἱ

542 1478 547 1483 -
620 1432 813 1532 ‚fieri
862 1430 1113 1526 possit.
1214 1428 1503 1501 Sufficit
1551 1429 1693 1525 ipsi
1743 1428 2172 1502 adhibuisse
2222 1431 2670 1527 probantem
2718 1429 3312 1505 similitudinem.
3342 1469 3446 1486 -

645 1560 898 1629 Restat
952 1578 1130 1653 ergo
1193 1568 1280 1626 ut
1340 1557 1735 1631 auditores
1800 1556 2274 1656 distinguere
2366 1573 2735 1654 putentur
2821 1560 3027 1629 inter
3082 1575 3248 1629 rem
3316 1569 3451 1627 aut

647 1712 823 1760 vere
872 1698 1201 1783 gestam,
1248 1698 1383 1761 aut
1433 1706 1625 1776 quae
1674 1686 1841 1758 lieri
1881 1687 2108 1760 modo
2160 1691 2410 1784 possit.
2510 1686 2655 1762 Sed
2704 1713 2952 1784 neque
2998 1689 3087 1761 hi
3137 1712 3228 1761 eo
3276 1708 3452 1783 pos·

645 1832 824 1889 sunt
876 1815 1273 1931 respicere·
1361 1815 1647 1886 etenim
1699 1818 1760 1888 si
1803 1817 1901 1889 de
1948 1817 2263 1888 veritate
2324 1819 2619 1890 fabulae
2677 1831 3167 1911 quaererent,
3240 1814 3453 1887 haud

651 1944 996 2016 dubie-se
1048 1962 1201 2014 non
1253 1956 1498 2013 essent
1538 1943 1825 2037 passuri
1855 1936 2045 2025 „tam
2099 1946 2380 2041 ineptis
2421 1947 2644 2035 rebus
2694 1945 3026 2037 moveri,
3095 1942 3451 2015 animalia

648 2072 857 2141 enim
922 2069 1052 2139 ubi
1116 2068 1569 2160 loquuntur,
1631 2073 2001 2175 evanescit
2072 2076 2318 2146 omnis
2385 2074 2733 2148 historica
2805 2068 3011 2145 fides.
3125 2067 3452 2147 Simulat

612 2188 839 2299 'ergo
882 2199 1235 2297 parabola
1284 2221 1442 2272 non
1492 2201 1746 2275 minus
1797 2226 2027 2297 quam
2087 2202 2337 2275 fabula
2385 2203 2714 2278 veritatis
2762 2201 3114 2299 speciem.

1896 2417 1974 2515 §-
2036 2434 2203 2511 .18··

726 2606 763 2674 .'
853 2576 1362 2655 Nihilominus
1409 2577 1710 2652 fabulae
1762 2580 2131 2671 majorem
2171 2577 2469 2652 subesse
2510 2576 2705 2670 vim,
2755 2577 3135 2679 Lessingio
3188 2577 3455 2652 luben·
3535 2612 3544 2615 ·

653 2727 776 2786 ter
824 2709 1232 2807 largimur3
1279 2728 1460 2781 nam
1505 2691 1720 2780 causa
1760 2730 2003 2802 aeque
2051 2709 2136 2780 in
2176 2708 2430 2803 aprico
2475 2721 2589 2780 est
2636 2709 2896 2805 posita.
2989 2705 3452 2798 Similitudo,

651 2844 739 2918 in
785 2862 932 2935 qua
984 2823 1432 2931 &uspicitur
1479 2837 1845 2931 probandi
1908 2859 2215 2927 nervus,
2277 2838 2340 2910 si
2410 2837 2615 2911 nuda
2686 2838 3213 2916 tantummodo
3280 2859 3455 2934 pro·
3567 2855 3580 2860 ’

659 2974 1008 3069 ponitur,
1080 2989 1236 3038 non
1296 2988 1532 3059 aeque
1588 2989 1942 3064 magnam
2008 2981 2258 3062 potest
2320 2990 2663 3038 exercere
2712 2970 2794 3038 in
2846 2955 3238 3039 auditores*
3272 2945 3457 3053 vim,

424 3111 433 3118 “
560 3145 569 3152 ·
659 3127 743 3177 ac
793 3104 855 3174 si
905 3102 983 3171 in
1030 3111 1228 3168 certa
1282 3092 1605 3188 quadam
1659 3115 1745 3164 re
1790 3088 2363 3171 demonstretur.
2466 3099 2544 3173 Si
2605 3120 2788 3195 ergo
2850 3109 3093 3168 certus
3146 3089 3456 3186 quidam

657 3236 892 3306 homo
941 3225 1300 3322 fingitur,
1350 3221 1484 3315 qui
1529 3243 1623 3294 ex
1677 3218 1968 3295 duobus
2012 3226 2213 3323 agris
2260 3227 2586 3301 alterum
2635 3224 2989 3312 coluerit,
3051 3215 3454 3292 horridum
3529 3302 3538 3313 ἱ

660 3361 985 3442 alterum
1060 3351 1493 3445 reliquerit,
1572 3351 1778 3425 unde
1873 3350 2013 3426 ille
2105 3353 2397 3429 fructus
2460 3352 2901 3452 protulerit,
2967 3348 3095 3421 hio
3154 3341 3457 3419 nonnisi

662 3499 940 3584 sentesx
1002 3482 1208 3551 haud
1260 3480 1492 3552 dubie
1560 3484 1804 3572 major
1875 3480 2148 3553 exinde
2201 3484 2693 3577 proficiscitur
2739 3477 3105 3577 probandi
3154 3474 3304 3564 vis,
3371 3492 3459 3543 ae

536 3671 545 3688 .
576 3675 579 3682 .
661 3618 727 3692 si
761 3618 844 3688 in
877 3612 1309 3683 universum
1344 3631 1460 3705 res
1502 3608 1636 3681 illa
1681 3609 1916 3683 modo
1951 3610 2335 3707 designata
2365 3612 2649 3683 fuisset.
2747 3607 3108 3681 Redimus
3144 3627 3320 3702 ergo
3362 3596 3464 3672 ad
3501 3635 3508 3640 „

664 3745 984 3825 eandem
1035 3762 1234 3825 rem,
1285 3759 1509 3832 supra
1561 3740 1717 3827 jam
1769 3759 1863 3808 ex
1913 3737 2385 3810 classicorum
2438 3737 3001 3811 definitionibus
3048 3737 3462 3832 probatam,

620 3881 625 3889 ’
661 3871 991 3949 absoluta
1027 3865 1451 3938 narratione
1496 3861 2257 3961 fabulam,!designata
2293 3887 2471 3938 vero
2495 3864 2995 3937 similitudine
3026 3855 3460 3958 parabolam

661 4001 955 4077 exoriri.
1052 3997 1171 4068 De
1222 4017 1313 4067 eo
1365 4016 1578 4081 vero,
1647 4005 1914 4064 utrum
1984 3994 2068 4064 in
2118 3994 2352 4067 altera
2424 4013 2545 4064 res
2604 3977 2988 4088 tamquam
3038 4009 3218 4059 vere
3266 3984 3464 4057 facta

618 4103 625 4108 ’
665 4140 1159 4228 proponatur,
1227 4122 1311 4195 in
1362 4119 1601 4196 altera
1641 4119 1811 4197 fieri
1866 4133 2160 4196 tantum
2209 4123 2487 4219 possit,
2549 4122 2773 4196 nulla
2821 4141 2975 4191 esse
3025 4128 3274 4213 potest
3320 4112 3465 4185 hac

665 4261 777 4333 ini
808 4277 892 4329 re
942 4251 1274 4346 quaestio
1322 4249 1466 4343 ²³).
3243 4259 3252 4266 “
